3234 4994
750 294 789 352 23

668 377 878 384 --—--—--

145 502 182 586 si,
205 506 244 568 nt
259 501 535 568 Friedlaenderus
553 498 714 584 opinatur,
743 520 816 567 ann.
836 505 876 567 67
892 503 989 566 natus
1005 503 1104 566 esset.
1145 498 1227 566 Indo
1247 499 1403 585 sequitur,

144 623 181 684 111
203 622 262 684 aut
277 619 358 684 haec
375 623 432 684 aut
446 619 505 683 illa
522 617 687 684 sententia
702 617 788 684 falsa
804 617 857 684 sit.
903 615 953 682 At
971 617 1139 696 quominus
1155 616 1287 682 exilium
1303 617 1329 682 J
1329 635 1406 684 uve·

143 735 308 801 nalianum
328 734 370 800 ad
394 733 529 800 Traiani
552 734 606 801 vel
625 733 791 800 Hadriani
810 737 958 814 tempora
973 751 1197 799 removeamus
1218 733 1337 816 multa,
1367 739 1406 801 ut

144 851 265 934 opinor,
290 870 328 916 ac
349 849 534 916 firmissima
557 855 764 935 argumenta,
795 849 835 915 de
863 847 978 929 quibus
999 848 1086 915 infra
1108 848 1201 916 nobis
1223 849 1404 931 disputatio

143 967 214 1050 erit,
239 967 368 1034 obstare
382 965 536 1035 videntur
549 961 582 1049 ¹).
629 965 682 1032 De
697 965 724 1030 J
725 965 873 1032 nvenalis
906 983 985 1032 vcro
1011 965 1116 1032 natali
1130 983 1231 1049 anno,
1255 965 1405 1033 1111111-

143 1082 295 1150 laendero
319 1082 494 1166 proposito,
519 1083 600 1149 satis
623 1082 701 1148 mihi
724 1081 909 1163 disputasse
931 1082 1053 1151 videor.

246 1198 357 1264 Altera
377 1199 534 1264 sententio
567 1219 588 1264 u
616 1199 780 1266 Weidaoro
803 1198 933 1280 prolata
956 1193 1051 1278 est²).
1087 1197 1299 1265 Testimoniis
1321 1201 1404 1266 anti-

145 1332 280 1397 quarum
295 1313 438 1382 vitarum
455 1314 523 1379 sine
542 1333 642 1380 causa
663 1314 780 1381 idonea
802 1315 941 1381 abiectis
951 1311 988 1398 ³),
1013 1315 1209 1383 Juvenalem
1232 1334 1307 1382 ann.
1325 1315 1402 1383 Ohr.

143 1435 182 1496 57
215 1435 327 1496 natum
369 1449 439 1496 esse
473 1423 662 1512 affirmat4).
718 1428 773 1495 Ad
807 1432 891 1498 hanc
931 1432 1151 1498 coniecturam
1194 1434 1402 1514 comproban-

142 1548 218 1612 dam
241 1546 324 1613 satis
346 1548 446 1613 habet
468 1545 605 1629 dixisse,
636 1550 802 1612 auctorem
825 1547 947 1614 satirae
971 1553 1100 1631 sextae,
1125 1567 1207 1629 quae
1230 1567 1314 1614 anno
1339 1555 1405 1636 116,

142 1665 196 1731 vel
214 1670 275 1730 117
300 1669 375 1745 post
391 1663 467 1730 Chr.
483 1668 552 1729 nat.
570 1663 757 1745 conscripta
772 1664 978 1732 manifestam
1000 1684 1143 1732 summae
1166 1665 1402 1750 indignationis

141 1785 251 1846 notam
284 1785 381 1860 atque
409 1779 566 1846 orationis
595 1781 735 1845 colorem
766 1779 890 1863 ingenii
913 1781 939 1846 J
940 1781 1128 1849 uvenaliani
1152 1783 1319 1864 proprium
1354 1802 1403 1850 os·

141 1896 259 1981 tendit,
283 1895 570 1978 septuagenarium
594 1915 702 1962 senem
721 1915 873 1963 essenon
895 1897 1040 1979 potuisse
1049 1893 1084 1980 ⁵).
1124 1896 1189 1964 Sed
1205 1899 1277 1980 quis
1291 1903 1400 1982 neget,

141 2014 339 2081 Juvenalem
363 2015 461 2081 etiam
484 2015 784 2098 septuagenarium,
814 2017 876 2082 hac
900 2018 1013 2098 „recta
1036 2011 1226 2082 senectute“
1240 2013 1280 2097 ⁶),
1311 2015 1401 2081 cuius

144 2133 215 2214 ipse
231 2131 377 2198 meminit
392 2125 427 2216 ⁷),
450 2150 543 2198 usum
559 2131 652 2198 csse?
675 2131 793 2198 Nonne
817 2150 1008 2198 usurarum
1032 2130 1229 2214 quotidiano,
1253 2135 1291 2197 ut
1313 2137 1403 2198 recte

141 2247 403 2331 Synnerbergius
427 2248 561 2330 monuit,
587 2247 716 2331 „edocti
739 2247 848 2315 sciunt
870 2266 996 2330 omnes,
1021 2251 1219 2329 quantopere
1242 2247 1296 2315 vel
1319 2266 1401 2314 unus

140 2382 245 2430 annus
268 2363 310 2428 ad
332 2363 497 2446 ingenium
520 2364 607 2430 senis
629 2363 866 2430 immutandum
896 2362 1193 2444 debilitandumque
1215 2358 1349 2430 valeat“
1363 2359 1412 2443 ⁸).'

140 2479 322 2545 Praeterea
355 2480 538 2562 negandum
573 2497 637 2544 non
673 2485 738 2562 est,
773 2479 970 2547 Juvenalem
1004 2485 1129 2546 sextam
1164 2478 1301 2545 satiram
1336 2478 1399 2545 alio

141 2600 288 2676 tempore
316 2595 487 2677 scripsisse
515 2595 579 2661 alio
609 2593 764 2661 emisisse.
809 2595 895 2661 Nam
924 2613 989 2660 non
1018 2595 1120 2662 solnm
1142 2594 1176 2660 in
1198 2596 1259 2660 hac
1282 2596 1394 2674 satira,

141 2713 256 2779 sedin
280 2713 354 2780 aliis
378 2732 501 2795 quoque
528 2713 634 2779 lusum
663 2717 697 2778 et
724 2711 979 2793 indignationem
1007 2715 1074 2777 tam
1099 2729 1197 2792 aegre
1221 2709 1397 2793 diatomos,

140 2834 178 2893 nt
199 2829 363 2895 interdum
385 2829 653 2911 epigrammatum
669 2827 778 2909 potius
799 2826 915 2894 s'eriem
938 2827 1015 2893 laxa
1038 2827 1273 2892 sententiarum
1297 2826 1399 2893 conti-

140 2945 268 3011 nuitate
291 2944 435 3011 iunctam
457 2944 568 3027 legere
590 2941 780 3028 videaris⁹).
826 2944 968 3011 Dubium
995 2943 1106 3024 itaque
1134 2961 1197 3009 non
1226 2949 1293 3027 est,
1323 2945 1399 3025 quin

142 3080 272 3128 carmen
294 3066 362 3127 tam
385 3060 517 3144 longum
540 3064 697 3142 tantaque
720 3063 872 3128 ubertate
901 3079 1007 3126 rerum
1039 3060 1217 3142 copiosum,
1247 3079 1311 3127 non
1334 3079 1397 3127 uno

142 3181 254 3242 tenore
278 3175 496 3258 conscriptum
519 3175 580 3259 sit,
609 3177 666 3244 sed
688 3177 799 3243 multis
820 3177 918 3243 rebus
941 3180 1058 3258 postea
1079 3177 1120 3242 ab
1142 3176 1213 3258 ipso
1238 3176 1397 3259 scriptore

247 3849 271 3918 ὓ)
291 3851 332 3906 Sc.
352 3851 474 3903 nondum
492 3853 639 3903 incurvans
659 3864 768 3919 corpus,
786 3850 909 3901 nondum
921 3851 995 3901 iners
1010 3854 1037 3900 et
1049 3849 1189 3918 languida,
1209 3849 1257 3901 sed
1271 3864 1396 3921 operosa,

145 3956 227 4010 agens
252 3957 284 3994 ac
296 3942 411 3994 moliens
436 3940 548 4008 aliquid,
572 3940 681 4007 qualem
703 3937 798 3990 laudat
817 3938 919 4006 Cicero,
943 3939 985 3990 De
1009 3941 1108 3990 1111111.
1128 3936 1171 3990 26.
1209 3937 1247 3990 Of.
1267 3937 1343 3991 Geli..
1361 3939 1395 4009 X,

144 4027 176 4080 28
195 4033 223 4082 11
242 4028 381 4081 Censorin.
417 4027 459 4080 De
479 4027 594 4080 11111111.
613 4028 656 4080 14.

247 4115 470 4187 UmQffi

245 4203 270 4273 8)
298 4205 347 4274 Op.
365 4206 439 4258 laud.
465 4222 491 4274 p.
519 4203 561 4258 89.
579 4233 614 4244 -—
632 4205 706 4259 Haec
730 4208 814 4259 etiam
831 4206 866 4258 ad
878 4205 1050 4274 Stampinum
1062 4207 1093 4272 (1.
1111 4206 1130 4258 1.
1148 4223 1175 4276 p.
1194 4206 1242 4273 18)
1261 4211 1394 4279 spectant,

146 4298 190 4362 qui
208 4297 265 4348 sine
277 4295 336 4347 ulia
346 4295 446 4347 idonea
460 4310 544 4348 causa
556 4294 718 4348 iuvenalem
730 4298 935 4364 octogenarium
948 4297 1047 4348 satiras
1056 4294 1121 4348 XIII
1132 4298 1160 4348 et
1171 4295 1221 4348 XV
1232 4296 1394 4351 brevissimo

146 4386 272 4453 temporis
292 4385 381 4452 spatio
399 4386 542 4436 interiecto
562 4384 733 4438 conscribere
750 4386 876 4454 potuisse
893 4389 983 4454 negat.

245 4470 269 4538 ⁹)
296 4471 442 4542 Hermann,
459 4475 543 4542 praef.
563 4473 604 4526 ed.
622 4472 684 4528 Juv.
702 4490 729 4542 p.
748 4473 819 4526 vm.
