3234 4994
737 1565 852 1641 IV.

425 1769 491 1880 lla
532 1767 640 1880 luco
680 1767 805 1880 anili
843 1769 1159 1882 luvenalianl.

713 2035 871 2052 ΑΛΛΛΛΝᾺ

262 2191 314 2256 De
337 2191 399 2256 loco
423 2191 512 2256 exilii
534 2190 647 2256 eadem
670 2191 739 2256 iere
764 2211 846 2272 quae
870 2191 909 2256 de
933 2195 1068 2256 auctore
1092 2191 1160 2257 eius
1181 2191 1340 2257 dissensio
1364 2197 1425 2260 cst.

157 2307 245 2374 Nam
276 2307 386 2388 plures
418 2307 508 2374 vitae
540 2306 731 2388 Aegyptum
764 2308 894 2388 habent,
929 2306 1011 2373 duae
1044 2305 1264 2374 Caledoniam.
1317 2307 1427 2391 Quare

158 2422 227 2488 utri
255 2422 295 2488 de
324 2422 387 2488 hac
416 2441 452 2487 re
475 2422 664 2488 testimonio
692 2421 772 2487 fides
800 2421 950 2488 habenda
973 2423 1033 2506 sit,
1059 2421 1345 2489 demonstrandum
1368 2429 1428 2490 est.

158 2539 199 2605 In
215 2539 241 2603 J
243 2537 393 2605 uvcnalis
409 2536 499 2621 vitia,
523 2542 561 2604 ut
576 2537 640 2604 iam
657 2556 757 2619 supra
773 2537 990 2622 exposuimus
1014 2538 1102 2604 iuter
1118 2539 1222 2604 multa
1236 2539 1429 2620 posterioris

158 2655 315 2736 temporis
339 2653 566 2721 additamenta
588 2653 746 2720 nonnulla
773 2653 990 2736 antiquissimi
1013 2655 1114 2722 fontis
1142 2656 1429 2737 deprehenduntur

158 2771 310 2854 vestigia,
335 2789 418 2852 quae
441 2789 544 2851 neque
568 2788 586 2835 e
610 2769 723 2836 satiris
745 2775 863 2851 poetae
886 2789 990 2852 neque
1013 2791 1032 2836 e
1054 2747 1238 2838 ratiociniis
1268 2773 1322 2838 vel
1346 2792 1430 2838 com·

161 2885 280 2952 mentis
296 2885 582 2968 grammaticorum
600 2884 679 2950 oriri
694 2889 858 2966 poterant.
884 2885 1008 2970 Quibus
1017 2885 1153 2971 Acpypti
1170 2888 1359 2953 mentionem
1374 2887 1430 2954 ad-

160 3002 391 3068 numerandam
403 3007 493 3082 puto.
514 2999 679 3067 Nimirum
692 3000 837 3066 homiues
848 2999 946 3084 docti,
960 3000 1094 3067 exilium
1103 3003 1264 3069 Scoticum
1276 3001 1428 3087 amplexi,

160 3117 370 3201 relegationis
399 3115 628 3200 Aegyptiacae
656 3116 818 3183 famame
847 3117 979 3197 quintae
1007 3117 1151 3184 decimae
1179 3119 1303 3184 satirae
1330 3137 1429 3185 versu

159 3239 201 3299 45
237 3238 341 3298 ortam
376 3253 448 3299 esse
482 3232 689 3298 affirmarunt
703 3227 734 3316 ¹).
793 3231 858 3298 Sed
891 3251 967 3298 num
1004 3232 1109 3299 satira
1149 3233 1264 3315 quinta
1303 3229 1430 3300 decima

161 3352 187 3416 J
188 3346 339 3415 uvenalis
371 3348 567 3414 carminibus
597 3346 841 3414 adnumeranda
873 3349 930 3432 sit,
969 3369 1023 3416 res
1063 3351 1168 3416 adhuc
1196 3349 1293 3418 dubia
1325 3356 1378 3416 est
1390 3346 1428 3435 ²).

159 3467 233 3533 Neo
256 3465 353 3531 aliter
377 3465 417 3530 de
440 3483 539 3531 versu
562 3467 605 3530 45
630 3463 758 3546 opinari
780 3463 869 3546 licet,
894 3483 987 3546 quem
1011 3464 1155 3546 spurium
1178 3465 1265 3532 haud
1297 3467 1363 3532 scio
1387 3485 1429 3532 an

160 3586 252 3648 recte
281 3578 512 3666 Franckius³)‚
536 3574 792 3665 Duentzerus4),
817 3579 1003 3662 nuperrime
1025 3575 1216 3664 Palmius5),
1241 3581 1427 3648 iudicarint.

267 3854 289 3918 ¹)
307 3854 344 3905 Ut
360 3853 544 3922 Hermanno,
570 3855 599 3906 in
626 3854 712 3923 praef.
738 3853 779 3908 ed.
804 3853 875 3923 Juv.,
899 3871 926 3924 p.
946 3855 983 3906 VI
1002 3870 1088 3923 aq.-
1107 3855 1262 3924 Sieboldua,
1280 3855 1366 3925 praef.
1387 3855 1428 3908 ed.

159 3943 220 3996 Juv.
240 3961 266 4012 p.
286 3942 362 3994 XVII
381 3942 436 3994 alii.

266 4032 289 4097 ²)
307 4031 417 4100 Kempl,
437 4030 649 4084 Observationes
668 4035 697 4084 in
715 4032 858 4092 luvenalis
877 4033 985 4101 aliquot
1002 4033 1079 4084 locos
1094 4033 1326 4104 interpretandos,
1345 4035 1429 4086 Bero-

159 4123 218 4190 lini,
237 4120 306 4173 1843
324 4137 351 4190 p.
370 4119 405 4171 60
425 4136 465 4189 aq.
485 4150 519 4158 -
539 4119 572 4172 0.
589 4120 721 4191 Ribbeck,
740 4121 798 4173 Der
817 4121 896 4174 echte
914 4137 941 4173 u.
962 4122 987 4174 d.
1005 4121 1123 4174 unechte
1141 4122 1268 4191 Juvenal,
1287 4139 1314 4192 p.
1334 4122 1368 4175 15
1388 4138 1428 4193 aq.

266 4208 290 4277 ³)
309 4211 407 4262 Exam.
428 4211 486 4262 crit.
505 4226 532 4279 p.
551 4209 594 4262 80.

265 4297 290 4365 ⁴)
308 4299 403 4352 Jahu'a
421 4299 516 4352 Jahrb.
535 4300 552 4351 f.
572 4298 640 4351 Phil.
660 4299 754 4369 Suppl.
773 4299 823 4352 Bd.
842 4300 888 4369 vl,
907 4299 923 4352 3
942 4317 969 4370 p.
988 4299 1040 4352 373
1059 4316 1100 4368 aq.

266 4387 290 4455 ⁵)
309 4387 351 4439 Da
369 4388 514 4440 «luvenalis
534 4389 620 4440 satira
644 4390 740 4456 quinta
760 4388 874 4458 decima,
892 4389 969 4442 Halia
994 4389 1135 4442 Saxonum
1158 4389 1227 4443 1882
1249 4408 1275 4460 p.
1295 4389 1325 4441 6:
1364 4390 1429 4456 „Hia

161 4477 287 4530 omnibus
308 4479 477 4546 argumentis
496 4492 628 4547 apparere
648 4477 754 4530 confido
772 4495 798 4529 v.
817 4495 843 4529 v.
861 4476 968 4530 44-48
991 4493 1049 4532 non
1072 4481 1172 4536 saluae
1192 4479 1241 4536 XV
1261 4482 1368 4536 auctori
1381 4481 1428 4534 tri·

159 4566 285 4624 bueudoa
305 4581 376 4640 asae,
397 4567 444 4620 aad
463 4568 558 4625 nescio
578 4569 622 4624 rui
639 4567 857 4641 interpolatori“.
881 4608 887 4620 .
907 4607 913 4624 .
933 4607 940 4621 .
