3234 4994
752 369 790 429 91

143 579 276 646 decoxit
289 574 313 664 ¹)
337 579 442 664 cique,
466 580 535 646 sine
559 579 666 663 dubio,
690 579 777 646 haud
799 578 911 645 multis
934 577 1030 644 annis
1045 581 1213 659 superstes
1235 573 1345 662 fuir),
1375 583 1409 644 et

143 697 282 780 aurigae
304 697 475 764 Lacernae
496 697 550 766 uel
573 697 737 763 Lacertae
748 693 784 779 ³),
821 693 886 778 qui,
917 695 945 761 si
968 694 1075 762 vetari
1103 694 1301 762 scholiastae
1328 695 1408 762 fides

142 812 301 898 habenda,
326 812 439 879 eodem
461 817 607 895 tempore
629 815 728 879 notus
755 805 869 891 fuit4).
918 809 1023 894 Adde,
1060 810 1145 892 quod
1177 815 1334 878 externae
1357 830 1408 876 ra-

141 929 248 995 tiones
271 946 309 994 eo
333 927 465 1013 ducunt,
495 933 533 994 ut
556 927 733 994 Traianum
757 947 776 994 a
799 928 824 993 J
826 928 964 995 uvsnale
988 929 1021 994 in
1047 927 1153 996 satira
1175 929 1317 1011 septima
1339 929 1408 994 lan·

115 1044 235 1111 ‘dibus
271 1051 463 1111 exornatum
503 1043 742 1111 concludamus.
801 1042 888 1128 Quid
922 1043 1031 1110 euim?
1074 1044 1163 1111 Num
1204 1048 1407 1128 „temporum

142 1157 323 1228 saevitiae“
337 1157 363 1244 ⁵)
396 1179 518 1227 memor
540 1161 725 1246 Juvenalis,
750 1179 823 1227 cum
845 1161 1035 1244 prinoipem,
1065 1162 1125 1227 sub
1149 1179 1211 1241 quo
1235 1161 1407 1244 „spiritum

141 1281 175 1342 et
199 1278 390 1360 sanguinem
414 1282 449 1344 et
470 1279 611 1360 patriam
634 1281 829 1360 receperunt
852 1273 984 1343 studia“
999 1275 1036 1360 ⁶),
1069 1276 1200 1344 silentio
1223 1277 1407 1358 praeterire

140 1392 273 1475 potuit?
319 1391 384 1477 Qui
408 1393 534 1473 quidem
557 1394 710 1475 princeps
732 1395 780 1459 ita
804 1412 867 1476 eos,
897 1393 951 1476 qui
974 1393 1096 1460 litteris
1119 1412 1251 1475 operam
1274 1393 1406 1477 dabant,

139 1509 269 1575 adiuvit
292 1514 327 1575 et
350 1509 546 1594 sublevavit,
570 1515 608 1576 ut
630 1507 856 1576 tristissimam
878 1509 1067 1576 litterarum
1090 1508 1265 1592 imaginem
1288 1509 1322 1575 in
1344 1511 1406 1575 hac

138 1624 246 1690 satira
269 1644 456 1707 expressam
485 1626 519 1692 in
547 1631 694 1708 tempora
718 1626 787 1693 eius
814 1625 933 1691 cadere
964 1625 1153 1692 existimare
1175 1623 1308 1690 minime
1332 1644 1406 1690 con-

125 1747 332 1808 sentaneum
355 1735 444 1818 sit⁷).
490 1743 594 1808 Recte
617 1743 721 1824 igitur
743 1740 945 1823 Stampinus:
987 1740 1128 1825 „iniuste
1151 1747 1262 1808 tamen
1285 1741 1404 1808 iecisse
1447 1815 1456 1827 ,

137 1856 163 1921 J
166 1857 326 1942 nvenaliS,
351 1859 379 1924 si
396 1857 532 1924 Traiani
550 1877 684 1939 prorsus
701 1859 822 1924 oblitus
837 1857 1046 1924 Hadrianum
1070 1857 1223 1924 laudibus
1246 1858 1405 1925 extollere

137 1973 300 2041 voluisset
322 1973 408 2056 qnod

328 2105 420 2172 „solus
441 2145 447 2158 .
467 2145 473 2157 .
494 2145 500 2158 .
521 2145 527 2158 .
546 2106 639 2158 tristes
657 2105 710 2158 hac
728 2109 893 2175 tempestate
912 2103 1047 2158 Camenas
1066 2107 1214 2175 respexit.“

245 2224 333 2290 lllnd
357 2225 443 2293 enim
465 2225 559 2306 solas,
593 2225 622 2292 si
645 2225 853 2317 Hadrianum
881 2245 901 2292 a
924 2225 1090 2294 Juvenale
1119 2226 1275 2292 hocloco
1299 2226 1405 2292 solnm

136 2341 307 2408 laudatum
329 2348 490 2426 putemus,
515 2341 591 2424 quid
614 2341 789 2426 significat,
812 2342 877 2410 nisi
901 2361 1021 2427 omues,
1045 2341 1100 2423 qui
1124 2347 1297 2409 antaeum
1320 2362 1405 2411 snm·

138 2477 225 2524 mam
254 2459 384 2540 imperii
414 2459 635 2526 obtinuissent
668 2459 837 2540 ipsumque
854 2459 1032 2527 Traianum
1057 2460 1096 2525 de
1119 2459 1243 2525 litteris
1259 2459 1405 2526 colendis

137 2574 397 2656 honorandisque
429 2575 561 2641 minime
590 2571 819 2656 cogitasso“⁸).
876 2574 1066 2657 Praeterea,
1103 2574 1153 2657 „si
1176 2574 1230 2641 vel
1263 2574 1404 2642 maxime

140 2691 354 2758 concedamus
381 2691 602 2758 liberaliorem
629 2690 837 2757 Hadrianum
866 2689 977 2773 fuisse,
1009 2689 1074 2771 ipsi
1101 2690 1176 2757 huic
1208 2691 1404 2758 liberalitati

139 2827 205 2873 non
220 2807 421 2889 respondent
436 2806 561 2890 laudes,
586 2825 666 2888 quas
688 2805 850 2872 neminem
865 2804 971 2889 fugiet
987 2805 1175 2888 neutiquam
1190 2812 1304 2873 tantas
1321 2826 1403 2892 esse,

140 2928 283 3002 quantae
306 2922 478 2990 Hadriano
503 2926 537 2987 st
560 2921 763 2989 debebantur
786 2928 820 2990 et
849 2923 920 2990 sine
943 2923 1040 2990 dubio
1068 2925 1109 2990 ab
1132 2925 1323 3007 aequalibus
1346 2927 1407 2992 im·

139 3037 282 3119 pertitas
306 3042 390 3122 sunt,
417 3038 474 3104 sed
497 3038 580 3104 satis
600 3039 744 3106 modicas
768 3045 802 3106 et
824 3044 861 3106 ut
877 3039 999 3107 Graeci
1023 3040 1117 3107 aiunt
1139 3047 1190 3105 τοῦ
1213 3043 1405 3127 ἀφοσιοῦσθαι

141 3155 226 3218 ἕνεκα
260 3153 467 3236 praemissas,
502 3172 544 3219 ne
579 3156 738 3221 communi
773 3157 913 3223 omnium
947 3157 1200 3238 reprehensione
1228 3157 1404 3226 Gaesarem

142 3287 276 3352 quoque,
295 3270 386 3336 cuius
397 3267 547 3337 laedendi
560 3289 677 3337 causas
689 3272 803 3351 procul
815 3273 966 3357 habebat,
984 3273 1156 3356 complecti
1168 3270 1404 3358 videretur“'⁹).

143 3382 235 3469 Quae
259 3365 331 3452 cum
354 3386 404 3453 ita
427 3387 502 3470 sint,
536 3406 600 3454 non
624 3387 822 3474 dubitamus,
858 3390 935 3472 qum
956 3389 1131 3458 Juvenalis
1160 3387 1202 3455 ad
1228 3390 1405 3456 Traianum

250 3661 272 3727 ¹)
292 3660 348 3715 Sat.
367 3661 426 3729 VII,
445 3658 505 3713 129.

249 3749 273 3816 2)
292 3749 409 3803 Uberius
440 3749 473 3802 de
490 3750 621 3802 Mathone
639 3752 668 3802 in
686 3750 748 3804 libr.
780 3765 842 3802 mco
872 3749 999 3819 „llepnas
1018 3767 1120 3822 oarnpa
1138 3751 1301 3822 lOsenaua“,
1328 3754 1406 3823 Pura,

146 3838 212 3891 1875
231 3856 257 3908 p.
275 3837 382 3890 98-99
401 3839 545 3908 disputavi.

249 3925 273 3994 ³)
293 3928 349 3980 Sat.
369 3927 428 3997 VH,
446 3927 506 3979 114.

250 4015 274 4082 ⁴)
294 4016 385 4069 Schol.
405 4033 447 4087 ap.
465 4017 545 4069 Jahn.
564 4035 590 4087 p.
609 4016 675 4069 283:
696 4023 838 4084 „russatus
857 4018 971 4071 Lacerta
990 4020 1040 4073 sub
1059 4019 1219 4072 Domitiano
1234 4023 1332 4090 auriga
1348 4022 1409 4091 fuit,

147 4111 176 4156 ut
193 4104 300 4157 Probus
319 4107 383 4158 ait.“
422 4104 541 4175 Cramer,
560 4105 592 4157 In
611 4110 661 4159 sat.
680 4106 742 4160 Juv.
762 4111 906 4166 comment.
921 4110 1031 4179 vetusti,
1049 4126 1075 4178 p.
1095 4108 1155 4161 290.

251 4193 274 4259 ⁵)
293 4194 356 4247 dur.
376 4195 431 4247 Sat.
450 4194 497 4263 IV,
516 4194 576 4246 151.

251 4281 275 4350 1)
294 4284 364 4336 Plin.
382 4284 483 4353 Paneg.
504 4300 525 4336 c.
544 4283 588 4336 47.

252 4369 275 4438 ⁷)
296 4372 477 4443 Synnerberg,
495 4390 522 4443 p.
542 4373 584 4428 74.

252 4459 275 4528 ⁸)
295 4462 438 4531 Stampini,
456 4479 483 4531 p.
502 4461 544 4514 35.

252 4547 276 4616 9)
296 4550 324 4603 0.
343 4551 387 4603 Fr.
406 4551 552 4622 Hermann,
570 4551 613 4604 De
632 4551 687 4605 Sat.
707 4557 777 4623 sept.
796 4556 878 4623 temp.
897 4570 924 4622 p.
943 4551 986 4605 19.
