3234 4994
765 419 803 482 17

679 505 888 514 ----—--

261 629 385 715 Quibus
409 628 507 696 etiam
530 629 611 695 haee
634 628 860 714 subiungenda
873 632 958 696 sunt.
998 628 1052 693 le
1068 627 1208 694 secunda
1224 627 1266 694 ab
1281 628 1412 695 tertiam

156 763 325 830 personam
341 745 500 812 transitus
512 739 545 830 ¹),
564 745 618 826 qui
633 745 890 813 Friedlaendero
906 744 1115 828 praeeipuam
1130 743 1413 826 interpretationis

155 863 330 930 mutandae
346 879 477 929 oausam
493 861 652 946 praebuit,
676 863 758 928 nihil
773 863 874 928 habet
894 860 1089 928 offensionis.
1128 860 1215 928 Nam
1238 860 1413 928 Iuvenalis

154 996 218 1045 non
234 978 337 1044 solum
353 995 513 1060 numeros,
538 982 696 1062 tempora,
720 977 830 1044 modos
846 996 945 1059 saepe
964 970 1114 1060 mutar),
1138 976 1196 1042 sed
1219 976 1318 1042 etiam
1340 995 1413 1058 per·

155 1113 262 1162 sonas
319 1095 375 1162 Ita
409 1094 579 1176 permultis
610 1093 691 1160 loois
724 1111 835 1161 earum
870 1093 1054 1176 satirarum,
1093 1110 1176 1172 quae
1204 1092 1415 1174 epistolarum

156 1209 298 1292 speeiem
320 1229 400 1292 prae
423 1229 459 1276 se
481 1208 599 1292 ferunt,
625 1208 733 1276 subito
757 1207 900 1276 seeundo.
922 1207 1027 1278 utitur
1049 1225 1206 1290 persona3
1235 1207 1309 1274 aliis
1333 1226 1415 1274 oom-

155 1327 300 1408 pluribus
323 1327 404 1393 11113
427 1324 541 1392 statim
565 1345 606 1391 ex
628 1324 729 1392 tertia
744 1345 883 1407 persona
898 1324 1021 1392 transit
1044 1325 1086 1392 ad
1101 1325 1276 1391 secundam
1287 1321 1323 1404 ³).
1362 1325 1416 1391 Ex

155 1441 298 1508 secunda
325 1459 466 1524 persona
495 1442 537 1508 ad
568 1441 701 1508 tertiam
731 1440 915 1526 transitum,
944 1446 982 1506 ut
1009 1441 1043 1507 11
1070 1439 1193 1506 satirae
1217 1439 1312 1505 XIII
1334 1441 1415 1524 loeo,

155 1556 207 1624 bis
232 1556 422 1626 observavi:
447 1555 516 1624 Sat.
540 1557 583 1641 V,
609 1561 664 1623 18:

367 1669 444 1736 „Una
461 1671 556 1740 simus,
575 1671 622 1722 alt.
641 1669 777 1723 Votorum
795 1671 916 1724 summa!
936 1669 1002 1738 quid
1020 1669 1094 1722 ultra

367 1757 501 1828 Quaeres?
518 1757 609 1812 Habet
624 1759 779 1830 Trebatius,
796 1763 910 1830 propter
930 1758 1003 1828 quod
1020 1773 1147 1829 rumpere
1167 1773 1293 1812 somnum

364 1848 503 1918 Debeat‘,

155 1953 189 2014 ot
212 1947 284 2015 Sat.
308 1949 389 2032 VII,
414 1953 824 2016 uas-aso-ass-err:

471 2099 477 2115 .
497 2101 503 2112 .
523 2099 530 2113 .
550 2101 556 2113 .
577 2061 647 2128 „Sed
665 2076 714 2114 vos
734 2077 831 2114 saevas
849 2058 976 2130 imponite
994 2061 1084 2132 leges,

365 2148 474 2219 Eripe'be
492 2155 524 2203 ut
541 2165 632 2204 mores
650 2155 760 2204 teneros
780 2167 842 2205 eum
860 2151 959 2222 pollice
979 2151 1075 2222 duest,

683 2239 998 2310 ...wipitautsir

367 2331 449 2382 Pater
466 2331 553 2400 ipsius
573 2333 668 2383 ooetus
688 2370 800 2386 .....

366 2418 440 2472 Haec
457 2416 549 2486 inquii
566 2422 656 2473 eura“.

261 2520 368 2604 Adue,
393 2521 477 2603 quod
499 2520 689 2605 Iuvenalis,
721 2540 794 2586 oum
816 2521 887 2603 ipse
911 2519 951 2587 de
974 2539 1009 2587 se
1033 2524 1148 2603 aperto
1171 2520 1330 2606 loquitur,
1353 2540 1417 2588 non

156 2638 286 2719 oblique
314 2637 416 2704 tertia
444 2656 599 2721 persona,
633 2637 691 2705 sed
719 2638 823 2720 prima
845 2637 1000 2720 singular.
1025 2637 1078 2705 vel
1108 2636 1225 2719 plural.
1250 2637 1299 2704 uti
1322 2639 1416 2705 solat.

156 2751 256 2819 Cuius
279 2751 329 2818 rei
352 2753 500 2834 exempla
523 2753 588 2819 iam
611 2753 644 2818 in
667 2753 771 2820 satira
794 2751 899 2834 prima
922 2757 1109 2834 ooourrunt3
1133 2771 1199 2820 vrs.
1226 2761 1259 2821 1:

370 2865 498 2936 „Semper
516 2879 568 2934 ego
588 2865 698 2918 auditor
715 2867 840 2918 tantum?
859 2880 1035 2935 nunquamne
1053 2869 1218 2936 reponam“;

158 2985 224 3034 VrS.
252 2971 393 3034 15-16:

371 3079 423 3146 „Et
439 3095 491 3133 nos
510 3095 575 3150 ergo
594 3097 707 3134 manum
724 3080 828 3134 ferulae
848 3081 1039 3152 subduximus,
1059 3085 1087 3134 et
1104 3095 1156 3136 nos

371 3168 515 3221 eonsilium
534 3169 660 3223 dedImus
679 3168 829 3238 Sullae“⁴).

264 3270 383 3350 Itaque
413 3276 447 3337 ot
474 3269 577 3338 totius
606 3271 670 3338 loei
697 3291 801 3338 nexus
829 3278 863 3338 et
885 3274 911 3339 J
912 3273 1141 3340 uvenalianum
1164 3270 1294 3340 dicendi
1316 3291 1418 3356 genus

159 3387 300 3469 obstant,
331 3385 499 3468 quominus
523 3387 771 3454 Friodlaenderi
803 3390 998 3455 sententiam
1014 3407 1126 3457 veram
1142 3407 1213 3455 esse
1229 3387 1417 3455 iudicemus.

264 3500 329 3568 Sed
343 3501 377 3568 in
393 3503 474 3570 alias
498 3501 597 3570 etiam
615 3502 825 3570 difficultates
848 3504 1094 3588 incurreremus
1119 3505 1148 3571 si
1163 3502 1418 3570 Friedlaendero

159 3616 255 3683 fidem
277 3618 477 3685 haberemus.
524 3616 580 3683 Ao
603 3617 823 3687 coniecturam
846 3638 938 3686 suam
962 3619 1002 3686 de
1025 3639 1123 3704 anno,
1158 3638 1218 3702 quo
1242 3619 1418 3688 Iuvenalis

159 3737 256 3800 natus
280 3739 346 3818 est,
377 3734 662 3818 comprobandam,
690 3740 819 3816 poetam
842 3754 906 3801 non
930 3741 1008 3802 ante
1031 3736 1167 3803 Traiani
1189 3735 1417 3818 principatum,

159 3853 233 3928 post
266 3868 339 3915 ann.
377 3854 454 3932 107,
492 3850 534 3917 ad
569 3848 690 3917 satiras
725 3849 913 3918 scribendas
948 3853 1126 3920 accessisse
1160 3853 1323 3920 affirmare
1355 3870 1418 3918 non

161 3992 475 4002 -α--υ--ι-ι

265 4061 287 4128 1)
316 4061 377 4114 Vrs.
396 4061 481 4113 5-15
502 4065 529 4115 et
546 4061 589 4114 16.

265 4151 288 4217 ²)
315 4151 376 4203 vid.
395 4150 484 4221 Kiaer,
503 4151 545 4204 De
565 4166 690 4204 sermone
708 4151 860 4222 Iuvenalis,
878 4167 904 4222 p.
924 4150 976 4204 194
994 4169 1034 4222 sq.

264 4239 288 4308 ³)
318 4240 435 4294 Uberius
455 4241 488 4292 de
506 4240 558 4293 hae
576 4257 606 4294 re
624 4241 678 4293 vid.
696 4243 725 4293 in
742 4242 812 4296 libro
831 4257 893 4294 meo
903 4239 993 4308 „Orro
1006 4242 1131 4295 Pnbberu
1149 4259 1167 4295 u
1184 4241 1420 4314 llerrauaroporir

161 4343 267 4398 oarupor
277 4327 439 4400 lOeeusua“,
451 4329 641 4400 Ilerepbyprn,
654 4329 721 4382 1872
734 4347 791 4401 erp.
805 4330 847 4384 63.
861 4362 894 4370 -
907 4331 938 4384 Β.
949 4333 1050 4402 Lupus,
1062 4332 1203 4386 Vindiaiae
1213 4333 1417 4404 Juvenalianae,

160 4416 280 4488 Bonnae,
298 4417 368 4470 1864
384 4436 411 4488 p.
430 4419 472 4472 18.

263 4506 287 4574 ⁴)
316 4507 380 4560 Alia
398 4509 451 4561 hue
470 4510 622 4578 spectantia
646 4511 773 4580 exempla
796 4513 824 4563 in
846 4511 907 4565 libr.
930 4527 991 4564 meo
1016 4473 1156 4578 „Pnueras
1179 4529 1282 4584 oarnpa
1303 4530 1321 4565 n
1339 4512 1417 4567 1013-

160 4597 256 4666 111114,
275 4612 301 4667 p.
320 4596 372 4650 425
390 4615 417 4650 n.
436 4598 525 4650 attuli.

211 4719 376 4775 nguiewskl,
392 4722 427 4766 De
441 4722 496 4766 Juv.
511 4723 568 4765 vila.
1210 4708 1226 4758 2
