3234 4994
684 327 896 418 A...

159 539 197 600 ut
219 533 381 600 Henninii
417 532 529 600 verbis
561 537 637 598 utar
649 529 681 617 ¹),
716 532 811 600 simul
844 553 916 600 cum
948 531 1113 599 codicibus
1122 528 1148 616 ²)
1181 552 1338 615 expressa
1370 533 1424 600 sit.

155 650 281 717 Eadem
305 651 345 716 de
369 655 552 716 ceterarum
578 656 711 716 auctore
733 656 824 716 recte
847 650 911 716 dici
934 654 1082 731 possunt.

258 767 323 832 His
348 767 387 832 de
411 765 540 850 origine
563 767 815 847 auctoribusque
840 763 1036 850 „Vitarum“
1072 766 1272 850 praemissis
1307 771 1424 850 restat,

153 889 198 963 ut,
225 889 398 962 antequam
421 879 514 948 vitae
536 882 713 948 Juvenalis
736 888 884 963 tempora
908 900 1078 965 exponam,
1102 900 1208 964 pauca
1231 883 1269 948 de
1287 883 1426 947 mierum

152 998 212 1081 fide
236 999 362 1065 addam.

257 1117 351 1181 Inter
375 1134 486 1181 omnes
509 1117 607 1198 vitas,
641 1134 723 1196 quas
747 1133 847 1196 supra
870 1117 1069 1198 enumeravi,
1094 1121 1184 1182 recte
1207 1115 1323 1198 prima,
1342 1133 1425 1196 quae

153 1231 251 1314 vulgo
275 1231 441 1296 Probiana
464 1231 595 1313 dicitur,
620 1229 847 1312 antiquissima
870 1231 1045 1298 iudicatur.
1086 1231 1136 1297 At
1159 1251 1353 1313 quamquam
1376 1232 1426 1296 ita

154 1366 208 1412 res
241 1364 313 1411 sese
343 1347 452 1429 habet,
487 1365 551 1412 non
579 1351 632 1411 est
663 1351 783 1430 tamen,
817 1347 903 1428 quod
933 1347 1133 1413 Probianam
1168 1347 1270 1414 vitam
1303 1347 1423 1413 ceteris

153 1463 336 1528 uberiorem
360 1462 539 1528 iudicemus
568 1461 831 1543 testimoniisque
861 1462 932 1528 eius
959 1465 1170 1545 praecipuam
1198 1463 1293 1530 fidem
1323 1464 1426 1529 tribu·

154 1595 255 1644 amus
303 1575 376 1661 Qua
398 1578 432 1643 in
459 1597 495 1643 re
524 1578 585 1642 hoo
612 1577 752 1659 primum
781 1579 951 1645 observari
973 1580 1087 1662 debet,
1121 1580 1196 1644 huic
1225 1579 1317 1646 vitae
1344 1579 1427 1646 talia

154 1695 279 1776 deesse,
305 1712 388 1774 quae
412 1693 498 1759 haud
522 1692 618 1759 dubie
642 1693 676 1759 in
699 1693 937 1775 antiquissimis
959 1694 1027 1760 illis
1051 1714 1136 1761 saec.
1154 1696 1192 1760 H
1209 1703 1243 1761 et
1260 1696 1316 1761 III
1336 1696 1425 1763 vitae

153 1815 273 1890 poetae
296 1809 549 1891 narrationibus,
575 1809 615 1875 de
639 1809 754 1891 quibus
778 1829 879 1892 supra
902 1811 1052 1894 diximus
1075 1810 1274 1877 exstiterint.
1315 1811 1426 1892 thue

155 1924 323 1991 silentium
347 1926 387 1990 de
404 1925 513 2005 patria
537 1925 723 2007 Juvenalis,
749 1925 789 1991 de
813 1926 884 1991 eius
908 1945 992 1993 anno
1023 1925 1129 1994 natali
1158 1946 1196 1992 ac
1229 1927 1269 1992 de
1297 1927 1426 1993 nomine

153 2040 373 2122 imperatoris,
409 2041 501 2106 exilii
529 2041 673 2107 auctoris
701 2041 834 2107 missum
865 2041 993 2124 faciam,
1023 2043 1084 2108 hoc
1111 2043 1304 2108 monendum
1335 2048 1425 2124 puto,

154 2157 255 2223 etiam
278 2175 479 2237 praenomen
504 2155 529 2220 J
530 2157 690 2238 uvenans,
716 2156 809 2238 quod,
827 2162 864 2222 ut
879 2156 1008 2222 codices
1022 2163 1196 2240 testantur,
1215 2158 1297 2223 satis
1314 2162 1425 2222 notum

152 2273 225 2355 fuit,
256 2273 290 2337 111
321 2273 393 2340 vita
423 2271 614 2338 desiderari.
668 2272 719 2338 At
751 2271 898 2337 nonnulli
931 2271 1105 2354 affirmant,
1137 2278 1307 2338 auctorem
1334 2272 1425 2339 vitae

153 2388 282 2454 incerta
301 2409 360 2470 pro
383 2388 484 2455 certis
505 2387 637 2453 tradere
657 2386 809 2452 1101111110.
853 2385 945 2469 Quae
967 2391 1077 2452 tamen
1094 2387 1242 2453 incerta?
1282 2388 1426 2454 Praeno-

153 2525 226 2571 men
256 2504 432 2572 Juvenalis
464 2499 649 2586 (Decimus)
682 2502 829 2568 codicum
862 2503 925 2569 fide
958 2503 1042 2569 satis
1072 2501 1268 2586 firmatu1·³),
1301 2504 1428 2570 Kulen·

153 2622 351 2702 kampianae
385 2639 475 2704 vero,
510 2638 594 2699 quae
627 2618 755 2702 dicItur,
789 2619 879 2687 vitae
914 2618 1079 2700 scriptura
1114 2620 1165 2686 M.
1201 2638 1259 2700 pro
1295 2621 1336 2684 D.
1373 2621 1427 2687 vel

154 2737 273 2803 calami
295 2739 391 2818 lapsu
415 2737 469 2802 vel
493 2755 605 2802 errore
629 2736 719 2802 vitae
744 2735 880 2802 editoris
905 2735 1060 2818 Rupertii
1085 2735 1244 2817 explicari
1266 2730 1427 2820 potest⁴);

153 2874 229 2919 nam
260 2858 400 2934 quantas
430 2851 644 2917 difficultates
674 2851 819 2917 codicum
846 2853 1004 2918 lectiones
1037 2851 1200 2918 interdum
1234 2854 1426 2934 praebeant,

154 2969 383 3035 recentissimo
408 2966 541 3033 Ruehlii
566 2967 723 3048 exemplo,
747 2965 838 3032 vitae
861 2967 1036 3033 Juvenalis
1061 2987 1078 3030 e
1102 2967 1213 3032 codice
1243 2967 1426 3033 Harleiano

155 3084 300 3165 editoris,
325 3082 530 3164 comprobari
553 3075 705 3163 potest5).
752 3082 804 3147 De
827 3081 938 3162 patria
968 3082 1144 3149 Juvenalis
1173 3083 1253 3148 item
1286 3083 1429 3150 dubitari

154 3220 219 3265 non
243 3198 359 3280 potuit.
406 3198 529 3262 Eorum
559 3195 660 3262 etiam
684 3195 859 3278 sententia,
885 3198 940 3278 qui
964 3197 1003 3262 de
1028 3199 1167 3280 quadam
1192 3197 1320 3280 critica,
1345 3217 1428 3279 quae

158 3315 292 3397 dicitur,
318 3313 489 3395 scriptoris
512 3311 604 3379 vitae
631 3313 758 3378 ratione
789 3313 988 3395 cogitabant,
1016 3315 1096 3380 mihi
1124 3313 1338 3395 improbanda
1366 3319 1426 3381 est.

154 3451 265 3458 ...-

262 3515 284 3582 ¹)
312 3515 344 3566 In
363 3515 421 3566 vita
438 3514 542 3567 Donati
562 3513 635 3584 apud
653 3513 744 3581 Jahn,
761 3513 824 3566 Iuv.
844 3514 886 3567 ed.
904 3531 931 3584 p.
951 3513 1011 3567 388.

260 3604 284 3670 ²)
314 3603 387 3656 Jahn
405 3605 434 3654 in
452 3605 510 3655 vita
527 3603 612 3656 Probi
631 3618 701 3671 quae
722 3603 829 3673 dicitur,
848 3621 874 3673 p.
894 3602 960 3656 386:
981 3605 1025 3670 „R
1045 3606 1075 3655 111
1095 3605 1147 3656 fine
1166 3605 1322 3657 recentiore
1342 3621 1426 3656 manu

155 3695 304 3762 ascriptam
323 3692 415 3744 habet.
452 3692 560 3744 Habent
580 3692 638 3744 cod.
652 3692 859 3744 Alexandrinus
878 3693 1129 3746 11101111102029
1149 3709 1220 3747 saec.
1234 3693 1268 3761 X,
1286 3693 1429 3746 Fauchetii

155 3791 222 3844 bibl.
242 3792 384 3843 Parisinae
403 3790 474 3842 8070
493 3805 564 3844 sace.
583 3790 631 3859 XI,
650 3792 822 3843 Mazarineua
842 3791 914 3860 apud
933 3791 1096 3860 Aehaintre,
1116 3792 1194 3845 codd.
1213 3792 1341 3844 VatIcani
1360 3791 1429 3843 2810

156 3896 228 3932 saec.
248 3880 312 3932 XIII
331 3882 384 3948 (1),
402 3877 533 3932 0111343
553 3879 623 3946 (b).“
662 3879 763 3931 Exstat
781 3884 925 3948 praeterea
943 3881 972 3930 in
991 3880 1050 3932 cod.
1070 3881 1429 3933 11110181111111111115600

155 3985 227 4021 saec.
252 3969 305 4038 IX3
338 3969 367 4021 in
392 3967 452 4020 cod.
471 3967 558 4037 Regio
584 3968 766 4020 1511111111
791 3983 861 4022 saec.
881 3967 920 4020 XI
945 3967 1039 4038 (Rdhl,
1062 3969 1157 4022 Jahrb.
1182 3970 1200 4026 f.
1221 3970 1301 4022 class.
1320 3969 1429 4036 Philon,

156 4056 237 4126 1874,
256 4055 308 4107 109
326 4074 352 4127 p.
371 4054 446 4123 868).

262 4143 286 4212 ³)
315 4145 396 4200 Jahn.
415 4146 433 4196 l.
452 4145 470 4197 l.
489 4163 516 4215 p.
535 4145 578 4198 45.
598 4175 633 4185 —
651 4145 732 4214 Riihl,
751 4146 769 4198 l.
787 4145 806 4198 l.
826 4176 860 4186 —-
885 4145 1074 4217 Synnerberg,
1101 4148 1119 4200 l.
1136 4148 1201 4218 lrp.
1220 4147 1262 4202 ³3.
1282 4177 1317 4186 —
1337 4148 1428 4200 Weid-

155 4251 213 4304 ner,
230 4234 373 4287 Juvenalis
393 4239 503 4288 saturae
523 4235 655 4305 (Leipzig,
673 4234 765 4301 1873).
784 4235 952 4305 Einleitung,
972 4240 985 4302 5
1004 4234 1029 4294 6.

261 4322 285 4391 ⁴)
314 4324 394 4377 Vitae
414 4341 428 4376 e
449 4325 542 4378 codiee
560 4324 710 4377 Harleiano
729 4325 813 4378 lectio
834 4326 945 4394 „Decij“
968 4329 1006 4396 (p.
1026 4326 1092 4394 869)
1119 4327 1266 4380 inscientia
1285 4327 1428 4396 scriptoris

158 4414 322 4484 explicatur,
343 4416 390 4482 qui
407 4413 441 4466 D.
459 4429 510 4483 pro
531 4414 666 4481 „Decius“
686 4416 808 4484 positum
828 4430 890 4468 esse
909 4417 1065 4470 somniavit.

262 4501 622 4574 emamam
