<?xml version="1.0" encoding="UTF-8"?>
<!DOCTYPE html PUBLIC "-//W3C//DTD XHTML 1.0 Transitional//EN"
    "http://www.w3.org/TR/xhtml1/DTD/xhtml1-transitional.dtd">
<html xmlns="http://www.w3.org/1999/xhtml" xml:lang="en" lang="en">
 <head>
  <title>
</title>
<meta http-equiv="Content-Type" content="text/html;charset=utf-8" />
  <meta name='ocr-system' content='tesseract 3.04.00' />
  <meta name='ocr-capabilities' content='ocr_page ocr_carea ocr_par ocr_line ocrx_word'/>
</head>
<body>
  <div class='ocr_page' id='page_1' title='image "./dejuvenalisvita01nagugoog_0031.png"; bbox 0 0 3234 4994; ppageno 0'>
   <div class='ocr_carea' id='block_1_1' title="bbox 817 329 855 388">
    <p class='ocr_par' dir='ltr' id='par_1_1' title="bbox 817 329 855 388">
     <span class='ocr_line' id='line_1_1' title="bbox 817 329 855 388; baseline -0.053 0"><span class='ocrx_word' id='word_1_1' title='bbox 817 329 855 388; x_wconf 89' lang='lat'>16</span> 
     </span>
    </p>
   </div>
   <div class='ocr_carea' id='block_1_2' title="bbox 725 412 937 421">
    <p class='ocr_par' dir='ltr' id='par_1_2' title="bbox 725 412 937 421">
     <span class='ocr_line' id='line_1_2' title="bbox 725 412 937 421; baseline 0.005 -3"><span class='ocrx_word' id='word_1_2' title='bbox 725 412 937 421; x_wconf 76' lang='lat'><strong>——--</strong></span> 
     </span>
    </p>
   </div>
   <div class='ocr_carea' id='block_1_3' title="bbox 197 532 1469 3744">
    <p class='ocr_par' dir='ltr' id='par_1_3' title="bbox 197 532 1469 3744">
     <span class='ocr_line' id='line_1_3' title="bbox 198 532 1468 616; baseline -0.001 -16"><span class='ocrx_word' id='word_1_3' title='bbox 198 537 290 600; x_wconf 90' lang='lat' dir='ltr'>stans</span> <span class='ocrx_word' id='word_1_4' title='bbox 319 533 403 599; x_wconf 89' lang='lat' dir='ltr'>deici</span> <span class='ocrx_word' id='word_1_5' title='bbox 438 532 550 598; x_wconf 90' lang='lat' dir='ltr'>doloro</span> <span class='ocrx_word' id='word_1_6' title='bbox 581 551 646 599; x_wconf 91' lang='lat' dir='ltr'>non</span> <span class='ocrx_word' id='word_1_7' title='bbox 674 534 782 616; x_wconf 88' lang='lat' dir='ltr'>debet,</span> <span class='ocrx_word' id='word_1_8' title='bbox 817 553 878 600; x_wconf 87' lang='lat' dir='ltr'>nec</span> <span class='ocrx_word' id='word_1_9' title='bbox 910 533 1144 616; x_wconf 88' lang='lat' dir='ltr'>vehementius,</span> <span class='ocrx_word' id='word_1_10' title='bbox 1178 551 1274 613; x_wconf 91' lang='lat' dir='ltr'>quam</span> <span class='ocrx_word' id='word_1_11' title='bbox 1310 552 1364 598; x_wconf 87' lang='lat' dir='ltr'>res</span> <span class='ocrx_word' id='word_1_12' title='bbox 1395 533 1468 614; x_wconf 90' lang='lat' dir='ltr'>ipsa</span> 
     </span>
     <span class='ocr_line' id='line_1_4' title="bbox 198 648 1468 733; baseline -0.001 -19"><span class='ocrx_word' id='word_1_13' title='bbox 198 654 323 732; x_wconf 88' lang='lat' dir='ltr'>poscat,</span> <span class='ocrx_word' id='word_1_14' title='bbox 348 648 511 716; x_wconf 87' lang='lat' dir='ltr'>afflictari.</span> <span class='ocrx_word' id='word_1_15' title='bbox 558 649 688 715; x_wconf 85' lang='lat' dir='ltr'>Pudeat</span> <span class='ocrx_word' id='word_1_16' title='bbox 709 655 754 733; x_wconf 90' lang='lat' dir='ltr'>te,</span> <span class='ocrx_word' id='word_1_17' title='bbox 784 650 869 730; x_wconf 90' lang='lat' dir='ltr'>quod</span> <span class='ocrx_word' id='word_1_18' title='bbox 893 648 1046 732; x_wconf 85' lang='lat' dir='ltr'>exiguum</span> <span class='ocrx_word' id='word_1_19' title='bbox 1075 668 1114 714; x_wconf 90' lang='lat' dir='ltr'>ao</span> <span class='ocrx_word' id='word_1_20' title='bbox 1142 649 1217 715; x_wconf 90' lang='lat' dir='ltr'>leve</span> <span class='ocrx_word' id='word_1_21' title='bbox 1242 648 1361 714; x_wconf 88' lang='lat' dir='ltr'>malum</span> <span class='ocrx_word' id='word_1_22' title='bbox 1387 648 1468 714; x_wconf 87' lang='lat' dir='ltr'>tole-</span> 
     </span>
     <span class='ocr_line' id='line_1_5' title="bbox 198 764 1469 846; baseline 0.001 -15"><span class='ocrx_word' id='word_1_23' title='bbox 198 785 274 832; x_wconf 87' lang='lat' dir='ltr'>rare</span> <span class='ocrx_word' id='word_1_24' title='bbox 301 783 443 846; x_wconf 85' lang='lat' dir='ltr'><strong>nequeas</strong></span> <span class='ocrx_word' id='word_1_25' title='bbox 474 768 509 830; x_wconf 88' lang='lat' dir='ltr'>et</span> <span class='ocrx_word' id='word_1_26' title='bbox 536 764 675 831; x_wconf 80' lang='lat' dir='ltr'>furentis</span> <span class='ocrx_word' id='word_1_27' title='bbox 706 765 741 831; x_wconf 91' lang='lat' dir='ltr'>in</span> <span class='ocrx_word' id='word_1_28' title='bbox 773 785 894 832; x_wconf 88' lang='lat' dir='ltr'>morem</span> <span class='ocrx_word' id='word_1_29' title='bbox 929 765 1150 832; x_wconf 81' lang='lat' dir='ltr'>excandescas</span> <span class='ocrx_word' id='word_1_30' title='bbox 1183 766 1223 830; x_wconf 94' lang='lat' dir='ltr'>ob</span> <span class='ocrx_word' id='word_1_31' title='bbox 1255 764 1404 831; x_wconf 82' lang='lat' dir='ltr'>fraudem</span> <span class='ocrx_word' id='word_1_32' title='bbox 1435 772 1469 832; x_wconf 86' lang='lat' dir='ltr'>et</span> 
     </span>
     <span class='ocr_line' id='line_1_6' title="bbox 198 880 1467 965; baseline -0.001 -18"><span class='ocrx_word' id='word_1_33' title='bbox 198 881 366 964; x_wconf 89' lang='lat' dir='ltr'>perfidiam</span> <span class='ocrx_word' id='word_1_34' title='bbox 401 880 506 964; x_wconf 88' lang='lat' dir='ltr'>amici,</span> <span class='ocrx_word' id='word_1_35' title='bbox 542 881 723 963; x_wconf 93' lang='lat' dir='ltr'>depositum</span> <span class='ocrx_word' id='word_1_36' title='bbox 759 881 820 947; x_wconf 93' lang='lat' dir='ltr'>tibi</span> <span class='ocrx_word' id='word_1_37' title='bbox 853 882 990 948; x_wconf 85' lang='lat' dir='ltr'>reddere</span> <span class='ocrx_word' id='word_1_38' title='bbox 1025 881 1190 965; x_wconf 85' lang='lat' dir='ltr'>negantis,</span> <span class='ocrx_word' id='word_1_39' title='bbox 1230 881 1313 961; x_wconf 89' lang='lat' dir='ltr'>quod</span> <span class='ocrx_word' id='word_1_40' title='bbox 1354 886 1467 948; x_wconf 87' lang='lat' dir='ltr'>sancte</span> 
     </span>
     <span class='ocr_line' id='line_1_7' title="bbox 198 996 1468 1079; baseline -0.002 -15"><span class='ocrx_word' id='word_1_41' title='bbox 198 997 445 1064; x_wconf 90' lang='lat' dir='ltr'>custodiendum</span> <span class='ocrx_word' id='word_1_42' title='bbox 469 997 510 1063; x_wconf 90' lang='lat' dir='ltr'>ab</span> <span class='ocrx_word' id='word_1_43' title='bbox 534 1017 572 1063; x_wconf 89' lang='lat' dir='ltr'>eo</span> <span class='ocrx_word' id='word_1_44' title='bbox 596 1002 631 1064; x_wconf 88' lang='grc'>11</span> <span class='ocrx_word' id='word_1_45' title='bbox 654 997 854 1064; x_wconf 89' lang='lat' dir='ltr'>reddendum</span> <span class='ocrx_word' id='word_1_46' title='bbox 885 1002 968 1063; x_wconf 88' lang='lat' dir='ltr'>erat.</span> <span class='ocrx_word' id='word_1_47' title='bbox 1022 996 1078 1064; x_wconf 80' lang='lat' dir='ltr'>Aa</span> <span class='ocrx_word' id='word_1_48' title='bbox 1099 999 1161 1063; x_wconf 80' lang='lat' dir='ltr'>isto</span> <span class='ocrx_word' id='word_1_49' title='bbox 1186 999 1336 1078; x_wconf 78' lang='lat' dir='ltr'>miratur,</span> <span class='ocrx_word' id='word_1_50' title='bbox 1371 998 1468 1079; x_wconf 75' lang='lat' dir='ltr'>quio</span> 
     </span>
     <span class='ocr_line' id='line_1_8' title="bbox 197 1111 1466 1198; baseline -0.001 -19"><span class='ocrx_word' id='word_1_51' title='bbox 197 1114 289 1179; x_wconf 82' lang='lat' dir='ltr'>dorso</span> <span class='ocrx_word' id='word_1_52' title='bbox 311 1113 431 1178; x_wconf 69' lang='lat' dir='ltr'>dimisit</span> <span class='ocrx_word' id='word_1_53' title='bbox 451 1134 555 1178; x_wconf 80' lang='lat' dir='ltr'>anuos</span> <span class='ocrx_word' id='word_1_54' title='bbox 585 1135 763 1198; x_wconf 72' lang='lat' dir='ltr'>recoopertus,</span> <span class='ocrx_word' id='word_1_55' title='bbox 795 1113 851 1178; x_wconf 75' lang='lat' dir='ltr'>uod</span> <span class='ocrx_word' id='word_1_56' title='bbox 875 1114 990 1180; x_wconf 80' lang='lat' dir='ltr'>Fontei</span> <span class='ocrx_word' id='word_1_57' title='bbox 1015 1116 1180 1180; x_wconf 80' lang='lat' dir='ltr'>consulatu</span> <span class='ocrx_word' id='word_1_58' title='bbox 1199 1113 1349 1198; x_wconf 78' lang='lat' dir='ltr'>penitus?</span> <span class='ocrx_word' id='word_1_59' title='bbox 1383 1111 1466 1196; x_wconf 79' lang='lat' dir='ltr'>(velz</span> 
     </span>
     <span class='ocr_line' id='line_1_9' title="bbox 198 1229 1469 1314; baseline -0.002 -18"><span class='ocrx_word' id='word_1_60' title='bbox 198 1251 243 1296; x_wconf 81' lang='lat' dir='ltr'>nro</span> <span class='ocrx_word' id='word_1_61' title='bbox 265 1230 416 1296; x_wconf 79' lang='lat' dir='ltr'>eiusmodi</span> <span class='ocrx_word' id='word_1_62' title='bbox 437 1229 529 1314; x_wconf 79' lang='lat' dir='ltr'>fraus</span> <span class='ocrx_word' id='word_1_63' title='bbox 542 1230 627 1295; x_wconf 80' lang='lat' dir='ltr'>miro</span> <span class='ocrx_word' id='word_1_64' title='bbox 648 1229 749 1294; x_wconf 73' lang='lat' dir='ltr'>oidem&#39;</span> <span class='ocrx_word' id='word_1_65' title='bbox 771 1229 857 1295; x_wconf 83' lang='lat' dir='ltr'>debet</span> <span class='ocrx_word' id='word_1_66' title='bbox 870 1229 992 1296; x_wconf 74' lang='lat' dir='ltr'>bonoim</span> <span class='ocrx_word' id='word_1_67' title='bbox 1013 1251 1122 1296; x_wconf 80' lang='lat' dir='ltr'>rerum</span> <span class='ocrx_word' id='word_1_68' title='bbox 1132 1231 1236 1313; x_wconf 77' lang='lat' dir='ltr'>perito</span> <span class='ocrx_word' id='word_1_69' title='bbox 1255 1236 1348 1312; x_wconf 81' lang='lat' dir='ltr'>utque</span> <span class='ocrx_word' id='word_1_70' title='bbox 1365 1251 1469 1295; x_wconf 80' lang='lat' dir='ltr'>annos</span> 
     </span>
     <span class='ocr_line' id='line_1_10' title="bbox 197 1343 1468 1430; baseline 0.001 -19"><span class='ocrx_word' id='word_1_71' title='bbox 197 1351 274 1411; x_wconf 79' lang='lat' dir='ltr'>poio</span> <span class='ocrx_word' id='word_1_72' title='bbox 296 1343 507 1430; x_wconf 66' lang='grc'><strong>1111911112).</strong></span> <span class='ocrx_word' id='word_1_73' title='bbox 563 1344 697 1411; x_wconf 87' lang='lat' dir='ltr'>Nihilne</span> <span class='ocrx_word' id='word_1_74' title='bbox 721 1345 854 1411; x_wconf 88' lang='lat' dir='ltr'>tandem</span> <span class='ocrx_word' id='word_1_75' title='bbox 877 1344 1023 1412; x_wconf 85' lang='lat' dir='ltr'>didicisti</span> <span class='ocrx_word' id='word_1_76' title='bbox 1046 1364 1085 1411; x_wconf 91' lang='lat' dir='ltr'>ac</span> <span class='ocrx_word' id='word_1_77' title='bbox 1109 1347 1280 1427; x_wconf 81' lang='lat' dir='ltr'>profecisti</span> <span class='ocrx_word' id='word_1_78' title='bbox 1304 1347 1346 1413; x_wconf 87' lang='lat' dir='ltr'>ad</span> <span class='ocrx_word' id='word_1_79' title='bbox 1372 1365 1468 1412; x_wconf 90' lang='lat' dir='ltr'>casus</span> 
     </span>
     <span class='ocr_line' id='line_1_11' title="bbox 197 1459 1468 1544; baseline 0 -17"><span class='ocrx_word' id='word_1_80' title='bbox 197 1463 354 1528; x_wconf 86' lang='lat' dir='ltr'>adversos</span> <span class='ocrx_word' id='word_1_81' title='bbox 377 1461 483 1527; x_wconf 89' lang='lat' dir='ltr'>levius</span> <span class='ocrx_word' id='word_1_82' title='bbox 506 1460 673 1544; x_wconf 57' lang='lat' dir='ltr'>ferendos</span> <span class='ocrx_word' id='word_1_83' title='bbox 709 1467 777 1527; x_wconf 90' lang='lat' dir='ltr'>tam</span> <span class='ocrx_word' id='word_1_84' title='bbox 800 1461 901 1544; x_wconf 85' lang='lat' dir='ltr'>longa</span> <span class='ocrx_word' id='word_1_85' title='bbox 923 1461 1128 1542; x_wconf 77' lang='lat' dir='ltr'>experientia</span> <span class='ocrx_word' id='word_1_86' title='bbox 1142 1459 1182 1528; x_wconf 80' lang='lat'>?“</span> <span class='ocrx_word' id='word_1_87' title='bbox 1218 1464 1336 1542; x_wconf 86' lang='lat' dir='ltr'>Itaque</span> <span class='ocrx_word' id='word_1_88' title='bbox 1360 1463 1468 1528; x_wconf 91' lang='lat' dir='ltr'>omnia</span> 
     </span>
     <span class='ocr_line' id='line_1_12' title="bbox 198 1575 1468 1659; baseline 0.002 -18"><span class='ocrx_word' id='word_1_89' title='bbox 198 1578 279 1642; x_wconf 91' lang='lat' dir='ltr'>bene</span> <span class='ocrx_word' id='word_1_90' title='bbox 304 1597 338 1643; x_wconf 88' lang='lat' dir='ltr'>se</span> <span class='ocrx_word' id='word_1_91' title='bbox 361 1577 537 1659; x_wconf 90' lang='lat' dir='ltr'>habebunt,</span> <span class='ocrx_word' id='word_1_92' title='bbox 567 1577 596 1642; x_wconf 88' lang='lat' dir='ltr'>si</span> <span class='ocrx_word' id='word_1_93' title='bbox 624 1575 851 1659; x_wconf 86' lang='lat' dir='ltr'>interrogandi</span> <span class='ocrx_word' id='word_1_94' title='bbox 874 1577 1012 1643; x_wconf 83' lang='lat' dir='ltr'>sormam</span> <span class='ocrx_word' id='word_1_95' title='bbox 1041 1577 1227 1644; x_wconf 78' lang='lat' dir='ltr'>retinueris.</span> <span class='ocrx_word' id='word_1_96' title='bbox 1285 1579 1468 1644; x_wconf 87' lang='lat' dir='ltr'>Praeterea</span> 
     </span>
     <span class='ocr_line' id='line_1_13' title="bbox 198 1690 1467 1777; baseline 0.002 -21"><span class='ocrx_word' id='word_1_97' title='bbox 198 1711 341 1773; x_wconf 88' lang='lat' dir='ltr'>pronom.</span> <span class='ocrx_word' id='word_1_98' title='bbox 367 1698 476 1758; x_wconf 88' lang='lat' dir='ltr'>nentr.</span> <span class='ocrx_word' id='word_1_99' title='bbox 507 1690 641 1775; x_wconf 85' lang='lat' dir='ltr'>‚,haec“,</span> <span class='ocrx_word' id='word_1_100' title='bbox 675 1693 761 1774; x_wconf 91' lang='lat' dir='ltr'>qnod</span> <span class='ocrx_word' id='word_1_101' title='bbox 791 1714 811 1759; x_wconf 87' lang='lat' dir='ltr'>a</span> <span class='ocrx_word' id='word_1_102' title='bbox 838 1695 940 1760; x_wconf 88' lang='lat' dir='ltr'>verbo</span> <span class='ocrx_word' id='word_1_103' title='bbox 971 1692 1127 1776; x_wconf 83' lang='lat' dir='ltr'>„stupet“</span> <span class='ocrx_word' id='word_1_104' title='bbox 1143 1690 1166 1777; x_wconf 91' lang='lat'>¹)</span> <span class='ocrx_word' id='word_1_105' title='bbox 1196 1695 1326 1777; x_wconf 78' lang='lat' dir='ltr'>pendet,</span> <span class='ocrx_word' id='word_1_106' title='bbox 1356 1693 1467 1760; x_wconf 89' lang='lat' dir='ltr'>eodem</span> 
     </span>
     <span class='ocr_line' id='line_1_14' title="bbox 199 1808 1468 1894; baseline 0.003 -22"><span class='ocrx_word' id='word_1_107' title='bbox 199 1808 360 1874; x_wconf 88' lang='lat' dir='ltr'>communi</span> <span class='ocrx_word' id='word_1_108' title='bbox 376 1826 474 1873; x_wconf 83' lang='lat' dir='ltr'>sensu</span> <span class='ocrx_word' id='word_1_109' title='bbox 488 1814 678 1890; x_wconf 87' lang='lat' dir='ltr'>usurpatum</span> <span class='ocrx_word' id='word_1_110' title='bbox 697 1815 757 1893; x_wconf 89' lang='lat' dir='ltr'>est,</span> <span class='ocrx_word' id='word_1_111' title='bbox 782 1829 843 1891; x_wconf 88' lang='lat' dir='ltr'>quo</span> <span class='ocrx_word' id='word_1_112' title='bbox 865 1829 964 1891; x_wconf 90' lang='lat' dir='ltr'>supra</span> <span class='ocrx_word' id='word_1_113' title='bbox 985 1829 1163 1891; x_wconf 90' lang='lat' dir='ltr'>pronomen</span> <span class='ocrx_word' id='word_1_114' title='bbox 1179 1811 1322 1877; x_wconf 92' lang='lat' dir='ltr'>eiusdem</span> <span class='ocrx_word' id='word_1_115' title='bbox 1339 1812 1468 1894; x_wconf 83' lang='lat' dir='ltr'>generis</span> 
     </span>
     <span class='ocr_line' id='line_1_15' title="bbox 200 1919 1467 2009; baseline 0.002 -19"><span class='ocrx_word' id='word_1_116' title='bbox 200 1919 377 2008; x_wconf 82' lang='lat' dir='ltr'>„quae“²)‚</span> <span class='ocrx_word' id='word_1_117' title='bbox 411 1923 507 2007; x_wconf 89' lang='lat' dir='ltr'>quod,</span> <span class='ocrx_word' id='word_1_118' title='bbox 538 1929 577 1989; x_wconf 86' lang='lat' dir='ltr'>nt</span> <span class='ocrx_word' id='word_1_119' title='bbox 606 1945 623 1990; x_wconf 91' lang='lat' dir='ltr'>e</span> <span class='ocrx_word' id='word_1_120' title='bbox 653 1927 753 1992; x_wconf 87' lang='lat' dir='ltr'>verbo</span> <span class='ocrx_word' id='word_1_121' title='bbox 782 1922 950 2007; x_wconf 88' lang='lat' dir='ltr'>„pateris“</span> <span class='ocrx_word' id='word_1_122' title='bbox 980 1931 1128 2008; x_wconf 88' lang='lat' dir='ltr'>apparet,</span> <span class='ocrx_word' id='word_1_123' title='bbox 1162 1927 1204 1991; x_wconf 91' lang='lat' dir='ltr'>ad</span> <span class='ocrx_word' id='word_1_124' title='bbox 1236 1927 1467 2009; x_wconf 67' lang='lat' dir='ltr'>omniaomnia</span> 
     </span>
     <span class='ocr_line' id='line_1_16' title="bbox 199 2038 1468 2124; baseline 0.001 -17"><span class='ocrx_word' id='word_1_125' title='bbox 199 2041 315 2122; x_wconf 86' lang='lat' dir='ltr'>quibus</span> <span class='ocrx_word' id='word_1_126' title='bbox 340 2041 475 2107; x_wconf 91' lang='lat' dir='ltr'>obrutus</span> <span class='ocrx_word' id='word_1_127' title='bbox 498 2045 550 2106; x_wconf 88' lang='lat' dir='ltr'>est</span> <span class='ocrx_word' id='word_1_128' title='bbox 574 2039 742 2121; x_wconf 75' lang='lat' dir='ltr'>Calvinus,</span> <span class='ocrx_word' id='word_1_129' title='bbox 766 2046 819 2105; x_wconf 92' lang='lat' dir='ltr'>nt:</span> <span class='ocrx_word' id='word_1_130' title='bbox 850 2060 984 2124; x_wconf 87' lang='lat' dir='ltr'>„recens</span> <span class='ocrx_word' id='word_1_131' title='bbox 1008 2038 1147 2124; x_wconf 88' lang='lat' dir='ltr'>scelus“,</span> <span class='ocrx_word' id='word_1_132' title='bbox 1173 2041 1274 2124; x_wconf 89' lang='lat' dir='ltr'>„fides</span> <span class='ocrx_word' id='word_1_133' title='bbox 1298 2043 1339 2107; x_wconf 90' lang='lat' dir='ltr'>ab</span> <span class='ocrx_word' id='word_1_134' title='bbox 1364 2042 1468 2108; x_wconf 89' lang='lat' dir='ltr'>amico</span> 
     </span>
     <span class='ocr_line' id='line_1_17' title="bbox 198 2151 1465 2239; baseline -0.001 -17"><span class='ocrx_word' id='word_1_135' title='bbox 198 2151 356 2238; x_wconf 84' lang='lat' dir='ltr'>violata“,</span> <span class='ocrx_word' id='word_1_136' title='bbox 382 2155 551 2239; x_wconf 67' lang='lat' dir='ltr'>‚iacturae</span> <span class='ocrx_word' id='word_1_137' title='bbox 575 2152 675 2221; x_wconf 91' lang='lat' dir='ltr'>onus“</span> <span class='ocrx_word' id='word_1_138' title='bbox 690 2153 724 2237; x_wconf 78' lang='lat'>³),</span> <span class='ocrx_word' id='word_1_139' title='bbox 750 2155 903 2222; x_wconf 88' lang='lat' dir='ltr'>refertur.</span> <span class='ocrx_word' id='word_1_140' title='bbox 945 2155 970 2220; x_wconf 90' lang='lat' dir='ltr'><strong>J</strong></span> <span class='ocrx_word' id='word_1_141' title='bbox 972 2175 1024 2221; x_wconf 88' lang='lat' dir='ltr'>am</span> <span class='ocrx_word' id='word_1_142' title='bbox 1041 2157 1069 2221; x_wconf 88' lang='lat' dir='ltr'>si</span> <span class='ocrx_word' id='word_1_143' title='bbox 1085 2157 1320 2222; x_wconf 87' lang='lat' dir='ltr'>sententiarum</span> <span class='ocrx_word' id='word_1_144' title='bbox 1338 2175 1465 2239; x_wconf 90' lang='lat' dir='ltr'>nexum,</span> 
     </span>
     <span class='ocr_line' id='line_1_18' title="bbox 199 2269 1466 2353; baseline -0.002 -15"><span class='ocrx_word' id='word_1_145' title='bbox 199 2271 253 2352; x_wconf 89' lang='lat' dir='ltr'>qui</span> <span class='ocrx_word' id='word_1_146' title='bbox 276 2271 328 2337; x_wconf 90' lang='lat' dir='ltr'>his</span> <span class='ocrx_word' id='word_1_147' title='bbox 352 2272 476 2338; x_wconf 90' lang='lat' dir='ltr'>duobus</span> <span class='ocrx_word' id='word_1_148' title='bbox 498 2271 648 2338; x_wconf 88' lang='lat' dir='ltr'>versibus</span> <span class='ocrx_word' id='word_1_149' title='bbox 666 2269 861 2353; x_wconf 80' lang='lat' dir='ltr'>continetur,</span> <span class='ocrx_word' id='word_1_150' title='bbox 887 2271 1082 2353; x_wconf 82' lang='lat' dir='ltr'>consideres,</span> <span class='ocrx_word' id='word_1_151' title='bbox 1107 2273 1186 2338; x_wconf 87' lang='lat' dir='ltr'>haec</span> <span class='ocrx_word' id='word_1_152' title='bbox 1211 2272 1365 2338; x_wconf 88' lang='lat' dir='ltr'>habebis:</span> <span class='ocrx_word' id='word_1_153' title='bbox 1392 2270 1466 2336; x_wconf 85' lang='lat' dir='ltr'>Cal·</span> 
     </span>
     <span class='ocr_line' id='line_1_19' title="bbox 198 2378 1464 2472; baseline -0.004 -17"><span class='ocrx_word' id='word_1_154' title='bbox 198 2387 294 2455; x_wconf 91' lang='lat' dir='ltr'>vinus</span> <span class='ocrx_word' id='word_1_155' title='bbox 317 2406 380 2452; x_wconf 92' lang='lat' dir='ltr'>non</span> <span class='ocrx_word' id='word_1_156' title='bbox 405 2387 505 2454; x_wconf 92' lang='lat' dir='ltr'>solum</span> <span class='ocrx_word' id='word_1_157' title='bbox 523 2387 704 2470; x_wconf 84' lang='lat' dir='ltr'>aegerrime</span> <span class='ocrx_word' id='word_1_158' title='bbox 721 2387 799 2452; x_wconf 87' lang='lat' dir='ltr'>tulit</span> <span class='ocrx_word' id='word_1_159' title='bbox 822 2405 953 2472; x_wconf 81' lang='lat' dir='ltr'>„oaspm</span> <span class='ocrx_word' id='word_1_160' title='bbox 971 2406 988 2452; x_wconf 91' lang='lat' dir='ltr'>e</span> <span class='ocrx_word' id='word_1_161' title='bbox 1005 2387 1109 2452; x_wconf 90' lang='lat' dir='ltr'>medio</span> <span class='ocrx_word' id='word_1_162' title='bbox 1125 2386 1276 2452; x_wconf 87' lang='lat' dir='ltr'>fortunae</span> <span class='ocrx_word' id='word_1_163' title='bbox 1300 2378 1464 2467; x_wconf 75' lang='lat' dir='ltr'>acervo⁴)‚</span> 
     </span>
     <span class='ocr_line' id='line_1_20' title="bbox 199 2501 1466 2586; baseline -0.003 -18"><span class='ocrx_word' id='word_1_164' title='bbox 199 2504 272 2586; x_wconf 90' lang='lat' dir='ltr'>sed,</span> <span class='ocrx_word' id='word_1_165' title='bbox 308 2503 457 2585; x_wconf 88' lang='lat' dir='ltr'>quamvis</span> <span class='ocrx_word' id='word_1_166' title='bbox 492 2502 734 2584; x_wconf 74' lang='lat' dir='ltr'>sexagenariae,</span> <span class='ocrx_word' id='word_1_167' title='bbox 775 2501 871 2568; x_wconf 88' lang='lat' dir='ltr'>valde</span> <span class='ocrx_word' id='word_1_168' title='bbox 906 2503 1044 2568; x_wconf 86' lang='lat' dir='ltr'>miratus</span> <span class='ocrx_word' id='word_1_169' title='bbox 1068 2507 1128 2583; x_wconf 87' lang='lat' dir='ltr'>est,</span> <span class='ocrx_word' id='word_1_170' title='bbox 1169 2501 1345 2583; x_wconf 86' lang='lat' dir='ltr'>obstupuit,</span> <span class='ocrx_word' id='word_1_171' title='bbox 1380 2501 1466 2580; x_wconf 87' lang='lat' dir='ltr'>quod</span> 
     </span>
     <span class='ocr_line' id='line_1_21' title="bbox 199 2618 1466 2700; baseline -0.004 -14"><span class='ocrx_word' id='word_1_172' title='bbox 199 2619 322 2686; x_wconf 89' lang='lat' dir='ltr'>amicus</span> <span class='ocrx_word' id='word_1_173' title='bbox 344 2618 486 2684; x_wconf 88' lang='lat' dir='ltr'>infidelis</span> <span class='ocrx_word' id='word_1_174' title='bbox 519 2619 701 2700; x_wconf 89' lang='lat' dir='ltr'>depositum</span> <span class='ocrx_word' id='word_1_175' title='bbox 737 2618 798 2683; x_wconf 90' lang='lat' dir='ltr'>sibi</span> <span class='ocrx_word' id='word_1_176' title='bbox 834 2620 1024 2700; x_wconf 82' lang='lat' dir='ltr'>abnegaret.</span> <span class='ocrx_word' id='word_1_177' title='bbox 1083 2618 1203 2699; x_wconf 81' lang='lat' dir='ltr'>ltaque</span> <span class='ocrx_word' id='word_1_178' title='bbox 1228 2626 1262 2682; x_wconf 89' lang='grc'>11</span> <span class='ocrx_word' id='word_1_179' title='bbox 1285 2623 1399 2698; x_wconf 86' lang='lat' dir='ltr'>stupor</span> <span class='ocrx_word' id='word_1_180' title='bbox 1432 2622 1466 2682; x_wconf 87' lang='lat' dir='ltr'>et</span> 
     </span>
     <span class='ocr_line' id='line_1_22' title="bbox 200 2733 1465 2816; baseline -0.006 -13"><span class='ocrx_word' id='word_1_181' title='bbox 200 2740 352 2802; x_wconf 88' lang='lat' dir='ltr'>senectus</span> <span class='ocrx_word' id='word_1_182' title='bbox 376 2755 448 2801; x_wconf 90' lang='lat' dir='ltr'>oum</span> <span class='ocrx_word' id='word_1_183' title='bbox 464 2734 595 2801; x_wconf 78' lang='lat' dir='ltr'>Caluini</span> <span class='ocrx_word' id='word_1_184' title='bbox 610 2733 798 2800; x_wconf 90' lang='lat' dir='ltr'>conditione</span> <span class='ocrx_word' id='word_1_185' title='bbox 822 2740 899 2816; x_wconf 85' lang='lat' dir='ltr'>apte</span> <span class='ocrx_word' id='word_1_186' title='bbox 921 2734 1170 2816; x_wconf 82' lang='lat' dir='ltr'>coniunguntur.</span> <span class='ocrx_word' id='word_1_187' title='bbox 1211 2735 1237 2799; x_wconf 82' lang='lat' dir='ltr'><strong>J</strong></span> <span class='ocrx_word' id='word_1_188' title='bbox 1238 2733 1371 2800; x_wconf 89' lang='lat' dir='ltr'>uvenali</span> <span class='ocrx_word' id='word_1_189' title='bbox 1387 2751 1465 2799; x_wconf 85' lang='lat' dir='ltr'>vero</span> 
     </span>
     <span class='ocr_line' id='line_1_23' title="bbox 200 2850 1467 2918; baseline -0.004 0"><span class='ocrx_word' id='word_1_190' title='bbox 200 2852 331 2918; x_wconf 88' lang='lat' dir='ltr'>minima</span> <span class='ocrx_word' id='word_1_191' title='bbox 356 2857 429 2918; x_wconf 88' lang='lat' dir='ltr'>erat</span> <span class='ocrx_word' id='word_1_192' title='bbox 452 2870 553 2917; x_wconf 87' lang='lat' dir='ltr'>causa</span> <span class='ocrx_word' id='word_1_193' title='bbox 576 2856 634 2917; x_wconf 88' lang='lat' dir='ltr'>aut</span> <span class='ocrx_word' id='word_1_194' title='bbox 660 2850 767 2916; x_wconf 90' lang='lat' dir='ltr'>scelus</span> <span class='ocrx_word' id='word_1_195' title='bbox 790 2851 929 2917; x_wconf 90' lang='lat' dir='ltr'>mirandi</span> <span class='ocrx_word' id='word_1_196' title='bbox 961 2855 1020 2915; x_wconf 92' lang='lat' dir='ltr'>ant</span> <span class='ocrx_word' id='word_1_197' title='bbox 1042 2869 1144 2916; x_wconf 91' lang='lat' dir='ltr'>anuos</span> <span class='ocrx_word' id='word_1_198' title='bbox 1167 2850 1257 2917; x_wconf 87' lang='lat' dir='ltr'>vitae</span> <span class='ocrx_word' id='word_1_199' title='bbox 1281 2869 1359 2916; x_wconf 88' lang='lat' dir='ltr'>suae</span> <span class='ocrx_word' id='word_1_200' title='bbox 1383 2868 1467 2913; x_wconf 91' lang='lat' dir='ltr'>oom-</span> 
     </span>
     <span class='ocr_line' id='line_1_24' title="bbox 199 2965 1465 3049; baseline -0.002 -17"><span class='ocrx_word' id='word_1_201' title='bbox 199 2965 349 3048; x_wconf 82' lang='lat' dir='ltr'>putandi3</span> <span class='ocrx_word' id='word_1_202' title='bbox 376 2967 446 3048; x_wconf 88' lang='lat' dir='ltr'>ipse</span> <span class='ocrx_word' id='word_1_203' title='bbox 464 2966 549 3031; x_wconf 87' lang='lat' dir='ltr'>enim</span> <span class='ocrx_word' id='word_1_204' title='bbox 566 2966 747 3049; x_wconf 86' lang='lat' dir='ltr'>confitetur,</span> <span class='ocrx_word' id='word_1_205' title='bbox 765 2985 800 3032; x_wconf 90' lang='lat' dir='ltr'>se</span> <span class='ocrx_word' id='word_1_206' title='bbox 816 2967 904 3032; x_wconf 89' lang='lat' dir='ltr'>hand</span> <span class='ocrx_word' id='word_1_207' title='bbox 920 2985 995 3032; x_wconf 91' lang='lat' dir='ltr'>raro</span> <span class='ocrx_word' id='word_1_208' title='bbox 1013 2965 1169 3031; x_wconf 90' lang='lat' dir='ltr'>eiusmodi</span> <span class='ocrx_word' id='word_1_209' title='bbox 1186 2986 1249 3047; x_wconf 91' lang='lat' dir='ltr'>res,</span> <span class='ocrx_word' id='word_1_210' title='bbox 1271 2971 1308 3032; x_wconf 92' lang='lat' dir='ltr'>ut</span> <span class='ocrx_word' id='word_1_211' title='bbox 1322 2965 1465 3049; x_wconf 81' lang='lat' dir='ltr'>fraudes,</span> 
     </span>
     <span class='ocr_line' id='line_1_25' title="bbox 200 3077 1466 3166; baseline -0.001 -19"><span class='ocrx_word' id='word_1_212' title='bbox 200 3081 358 3149; x_wconf 86' lang='lat' dir='ltr'>violatam</span> <span class='ocrx_word' id='word_1_213' title='bbox 381 3081 477 3147; x_wconf 91' lang='lat' dir='ltr'>fidem</span> <span class='ocrx_word' id='word_1_214' title='bbox 502 3081 623 3147; x_wconf 86' lang='lat' dir='ltr'>similia</span> <span class='ocrx_word' id='word_1_215' title='bbox 645 3081 768 3147; x_wconf 88' lang='lat' dir='ltr'>vidisse</span> <span class='ocrx_word' id='word_1_216' title='bbox 777 3077 813 3163; x_wconf 85' lang='lat'>⁵).</span> <span class='ocrx_word' id='word_1_217' title='bbox 860 3080 965 3166; x_wconf 74' lang='lat' dir='ltr'>Quam</span> <span class='ocrx_word' id='word_1_218' title='bbox 996 3083 1036 3147; x_wconf 92' lang='lat' dir='ltr'>ab</span> <span class='ocrx_word' id='word_1_219' title='bbox 1064 3101 1132 3146; x_wconf 92' lang='lat' dir='ltr'>rem</span> <span class='ocrx_word' id='word_1_220' title='bbox 1157 3081 1185 3147; x_wconf 88' lang='lat' dir='ltr'>si</span> <span class='ocrx_word' id='word_1_221' title='bbox 1208 3086 1352 3147; x_wconf 88' lang='lat' dir='ltr'>aetatem</span> <span class='ocrx_word' id='word_1_222' title='bbox 1376 3101 1466 3147; x_wconf 89' lang='lat' dir='ltr'>suam</span> 
     </span>
     <span class='ocr_line' id='line_1_26' title="bbox 200 3197 1466 3281; baseline -0.002 -18"><span class='ocrx_word' id='word_1_223' title='bbox 200 3199 365 3280; x_wconf 85' lang='lat' dir='ltr'>respicere</span> <span class='ocrx_word' id='word_1_224' title='bbox 389 3198 500 3281; x_wconf 87' lang='lat' dir='ltr'>vellet,</span> <span class='ocrx_word' id='word_1_225' title='bbox 536 3198 646 3278; x_wconf 89' lang='lat' dir='ltr'>potius</span> <span class='ocrx_word' id='word_1_226' title='bbox 681 3197 721 3263; x_wconf 92' lang='lat' dir='ltr'>de</span> <span class='ocrx_word' id='word_1_227' title='bbox 754 3197 976 3264; x_wconf 90' lang='lat' dir='ltr'>adolescentia</span> <span class='ocrx_word' id='word_1_228' title='bbox 1000 3217 1068 3278; x_wconf 89' lang='lat' dir='ltr'>sua,</span> <span class='ocrx_word' id='word_1_229' title='bbox 1106 3215 1202 3276; x_wconf 89' lang='lat' dir='ltr'>qnam</span> <span class='ocrx_word' id='word_1_230' title='bbox 1235 3198 1275 3262; x_wconf 91' lang='lat' dir='ltr'>de</span> <span class='ocrx_word' id='word_1_231' title='bbox 1298 3202 1466 3263; x_wconf 87' lang='lat' dir='ltr'>senectute</span> 
     </span>
     <span class='ocr_line' id='line_1_27' title="bbox 200 3303 1467 3397; baseline 0 -18"><span class='ocrx_word' id='word_1_232' title='bbox 200 3315 261 3379; x_wconf 91' lang='lat' dir='ltr'>hoc</span> <span class='ocrx_word' id='word_1_233' title='bbox 284 3313 353 3380; x_wconf 86' lang='lat' dir='ltr'>fere</span> <span class='ocrx_word' id='word_1_234' title='bbox 369 3303 468 3379; x_wconf 86' lang='lat' dir='ltr'>sensu</span> <span class='ocrx_word' id='word_1_235' title='bbox 482 3315 687 3394; x_wconf 87' lang='lat' dir='ltr'>loqueretur:</span> <span class='ocrx_word' id='word_1_236' title='bbox 713 3311 822 3397; x_wconf 74' lang='lat' dir='ltr'>„Quid</span> <span class='ocrx_word' id='word_1_237' title='bbox 838 3313 975 3394; x_wconf 83' lang='lat' dir='ltr'>stupes?</span> <span class='ocrx_word' id='word_1_238' title='bbox 999 3314 1064 3378; x_wconf 91' lang='lat' dir='ltr'>iam</span> <span class='ocrx_word' id='word_1_239' title='bbox 1081 3313 1272 3379; x_wconf 89' lang='lat' dir='ltr'>adolescens</span> <span class='ocrx_word' id='word_1_240' title='bbox 1289 3312 1375 3379; x_wconf 89' lang='lat' dir='ltr'>haud</span> <span class='ocrx_word' id='word_1_241' title='bbox 1393 3332 1467 3379; x_wconf 92' lang='lat' dir='ltr'>raro</span> 
     </span>
     <span class='ocr_line' id='line_1_28' title="bbox 199 3425 1466 3512; baseline -0.002 -16"><span class='ocrx_word' id='word_1_242' title='bbox 199 3429 278 3511; x_wconf 89' lang='lat' dir='ltr'>vidi,</span> <span class='ocrx_word' id='word_1_243' title='bbox 312 3448 394 3510; x_wconf 86' lang='lat' dir='ltr'>quae</span> <span class='ocrx_word' id='word_1_244' title='bbox 417 3427 588 3510; x_wconf 86' lang='lat' dir='ltr'>patiaris.“</span> <span class='ocrx_word' id='word_1_245' title='bbox 643 3427 725 3495; x_wconf 90' lang='lat' dir='ltr'>Inde</span> <span class='ocrx_word' id='word_1_246' title='bbox 749 3429 904 3511; x_wconf 88' lang='lat' dir='ltr'>sequitur,</span> <span class='ocrx_word' id='word_1_247' title='bbox 939 3435 976 3494; x_wconf 92' lang='lat' dir='ltr'>ut</span> <span class='ocrx_word' id='word_1_248' title='bbox 1001 3435 1134 3512; x_wconf 87' lang='lat' dir='ltr'>„stupet</span> <span class='ocrx_word' id='word_1_249' title='bbox 1156 3425 1297 3512; x_wconf 82' lang='lat' dir='ltr'>haec“⁶)</span> <span class='ocrx_word' id='word_1_250' title='bbox 1331 3447 1394 3495; x_wconf 91' lang='lat' dir='ltr'>non</span> <span class='ocrx_word' id='word_1_251' title='bbox 1424 3430 1466 3494; x_wconf 86' lang='lat' dir='ltr'>ad</span> 
     </span>
     <span class='ocr_line' id='line_1_29' title="bbox 200 3543 1468 3628; baseline -0.001 -18"><span class='ocrx_word' id='word_1_252' title='bbox 200 3545 225 3610; x_wconf 90' lang='lat' dir='ltr'><strong>J</strong></span> <span class='ocrx_word' id='word_1_253' title='bbox 228 3543 412 3627; x_wconf 83' lang='lat' dir='ltr'>uveralem,</span> <span class='ocrx_word' id='word_1_254' title='bbox 448 3545 505 3610; x_wconf 90' lang='lat' dir='ltr'>sed</span> <span class='ocrx_word' id='word_1_255' title='bbox 529 3544 570 3610; x_wconf 87' lang='lat' dir='ltr'>ad</span> <span class='ocrx_word' id='word_1_256' title='bbox 593 3543 780 3628; x_wconf 75' lang='lat' dir='ltr'>Calvinum,</span> <span class='ocrx_word' id='word_1_257' title='bbox 815 3545 869 3624; x_wconf 90' lang='lat' dir='ltr'>qui</span> <span class='ocrx_word' id='word_1_258' title='bbox 899 3545 986 3611; x_wconf 91' lang='lat' dir='ltr'>solus</span> <span class='ocrx_word' id='word_1_259' title='bbox 1011 3545 1260 3628; x_wconf 89' lang='lat' dir='ltr'>„spumantibus</span> <span class='ocrx_word' id='word_1_260' title='bbox 1293 3545 1390 3611; x_wconf 86' lang='lat' dir='ltr'>ardet</span> <span class='ocrx_word' id='word_1_261' title='bbox 1420 3545 1468 3612; x_wconf 86' lang='lat' dir='ltr'>vi-</span> 
     </span>
     <span class='ocr_line' id='line_1_30' title="bbox 200 3653 746 3744; baseline 0.002 -17"><span class='ocrx_word' id='word_1_262' title='bbox 200 3657 367 3728; x_wconf 88' lang='lat' dir='ltr'>sceribus“</span> <span class='ocrx_word' id='word_1_263' title='bbox 378 3653 404 3743; x_wconf 88' lang='lat'>⁷)</span> <span class='ocrx_word' id='word_1_264' title='bbox 427 3660 634 3728; x_wconf 86' lang='lat' dir='ltr'>referendum</span> <span class='ocrx_word' id='word_1_265' title='bbox 657 3661 702 3729; x_wconf 89' lang='lat' dir='ltr'>sit</span> <span class='ocrx_word' id='word_1_266' title='bbox 710 3657 746 3744; x_wconf 83' lang='lat'>⁸).</span> 
     </span>
    </p>
   </div>
   <div class='ocr_carea' id='block_1_4' title="bbox 307 3825 481 3892">
    <p class='ocr_par' dir='ltr' id='par_1_4' title="bbox 307 3825 481 3892">
     <span class='ocr_line' id='line_1_31' title="bbox 307 3825 481 3892; baseline 0.011 -13"><span class='ocrx_word' id='word_1_267' title='bbox 307 3826 329 3892; x_wconf 84' lang='lat'>¹)</span> <span class='ocrx_word' id='word_1_268' title='bbox 357 3826 419 3879; x_wconf 79' lang='lat' dir='ltr'>Vra.</span> <span class='ocrx_word' id='word_1_269' title='bbox 438 3825 481 3882; x_wconf 88' lang='grc'><strong>16.</strong></span> 
     </span>
    </p>
   </div>
   <div class='ocr_carea' id='block_1_5' title="bbox 200 4536 1059 4610">
    <p class='ocr_par' dir='ltr' id='par_1_5' title="bbox 200 4536 1059 4610">
     <span class='ocr_line' id='line_1_32' title="bbox 200 4536 1059 4610; baseline -0.001 -19"><span class='ocrx_word' id='word_1_270' title='bbox 200 4538 285 4605; x_wconf 80' lang='lat' dir='ltr'>nulio)</span> <span class='ocrx_word' id='word_1_271' title='bbox 305 4538 396 4591; x_wconf 86' lang='lat' dir='ltr'>dicere</span> <span class='ocrx_word' id='word_1_272' title='bbox 413 4539 556 4610; x_wconf 82' lang='lat' dir='ltr'>voluisset,</span> <span class='ocrx_word' id='word_1_273' title='bbox 574 4537 621 4592; x_wconf 87' lang='lat' dir='ltr'>boc</span> <span class='ocrx_word' id='word_1_274' title='bbox 638 4554 695 4592; x_wconf 90' lang='lat' dir='ltr'>non</span> <span class='ocrx_word' id='word_1_275' title='bbox 712 4536 776 4591; x_wconf 82' lang='lat' dir='ltr'>boec</span> <span class='ocrx_word' id='word_1_276' title='bbox 795 4540 917 4592; x_wconf 81' lang='lat' dir='ltr'>scribere</span> <span class='ocrx_word' id='word_1_277' title='bbox 939 4540 1059 4593; x_wconf 85' lang='lat' dir='ltr'>debuit.“</span> 
     </span>
    </p>
   </div>
   <div class='ocr_carea' id='block_1_6' title="bbox 0 0 1623 4994">
    <p class='ocr_par' dir='ltr' id='par_1_6' title="bbox 0 0 1623 4994">
     <span class='ocr_line' id='line_1_33' title="bbox 0 0 1623 4994; baseline 0 0"><span class='ocrx_word' id='word_1_278' title='bbox 0 0 1623 4994; x_wconf 95' lang='lat' dir='ltr'> </span> 
     </span>
    </p>
   </div>
  </div>
 </body>
</html>
