3234 4994
812 351 854 412 47

730 436 940 443 ——..

199 561 345 644 πολεμίους
368 561 418 624 ὤν.
441 561 489 622 καὶ
511 559 565 644 γὰρ
588 561 680 646 θήρας
702 563 749 624 καλ
773 561 935 645 συμποσίων
959 558 1052 645 ἔργων
1075 584 1107 624 τε
1131 563 1179 624 καὶ
1213 561 1418 644 βουλευμάτων
1442 585 1473 623 τε

200 681 372 761 συμμετεῖχε
392 677 478 760 σφίσι,
502 678 549 740 καὶ
572 677 710 745 πολλάκις
731 678 779 740 καὶ
794 677 927 761 τέταρτος
947 680 1062 762 ὠχεῖτο,
1088 676 1118 746 ἐς
1139 700 1171 739 τε
1194 675 1243 746 τὰς
1266 677 1356 745 οἰκίας
1378 675 1473 740 αὐτῶν

199 793 247 854 καὶ
270 791 338 856 ἄνευ
361 816 395 874 γε
410 797 538 876 φρουρᾶς
554 789 626 856 ἔστιν
650 793 691 856 ὧν
711 792 794 857 ἐσιὼν
809 788 982 877 εὐθυμεῖτοιι
993 786 1026 872 ¹).
1073 789 1123 856 Ab
1138 790 1306 873 faciamus,
1322 791 1473 874 Pyladen

203 906 289 987 apud
332 907 510 972 Traianum
557 907 755 973 Juvenalem
800 911 935 988 propter
974 905 1053 972 duos
1096 924 1212 973 versus
1255 907 1473 974 accusavisse.

201 1021 286 1106 Quid
303 1021 429 1105 igitur?
475 1022 511 1090 Si
529 1021 645 1105 omnia,
664 1041 746 1103 quae
764 1022 804 1089 de
817 1022 955 1089 Traiani
970 1023 1080 1089 indole
1096 1023 1303 1104 moribusque
1320 1023 1470 1104 diximus

199 1137 421 1221 respiciamus,
447 1137 527 1205 illud
548 1138 641 1204 nobis
656 1138 921 1220 probatissimum
944 1137 1019 1221 erit,
1044 1138 1203 1205 eiusmodi
1230 1139 1473 1205 accusationem

200 1255 299 1320 risum
337 1254 490 1320 Caesaris
526 1254 672 1320 excitare
707 1254 865 1336 potuisse.
911 1255 1000 1321 Nam
1034 1254 1124 1337 ipsos
1158 1254 1234 1320 illos
1258 1273 1373 1321 versus
1407 1255 1472 1321 iam

200 1375 376 1452 propterea
406 1372 448 1436 cd
481 1391 516 1436 se
548 1371 711 1437 Traianus
743 1370 867 1437 referre
899 1390 964 1437 non
996 1372 1113 1455 potuit,
1149 1372 1235 1454 quod
1266 1371 1300 1437 in
1333 1371 1474 1452 septima

200 1487 313 1568 satira,
339 1485 392 1552 oui
408 1505 523 1554 versus
547 1487 597 1552 illi
617 1488 733 1553 inserti
750 1493 856 1571 erant,
881 1509 901 1554 a
916 1487 942 1552 J
943 1489 1082 1555 uvenale
1106 1507 1141 1554 se
1157 1485 1286 1553 laudari
1301 1482 1471 1571 videret2).

199 1602 249 1667 At
284 1602 343 1668 bas
376 1602 490 1668 laudes
528 1601 672 1668 modicas
708 1602 911 1686 frigidasque
944 1622 1031 1686 esse,
1072 1602 1221 1670 nonnulli
1258 1602 1424 1669 affirmant
1435 1600 1471 1683 ³).

198 1717 300 1784 Haud
328 1723 430 1783 recte.
477 1719 563 1784 Nam
591 1723 628 1784 ut
656 1717 802 1784 Straokii
831 1717 942 1784 verbis
970 1723 1055 1802 utar,
1092 1718 1333 1802 „panegyricus
1367 1717 1472 1785 satira

198 1852 262 1898 non
287 1839 347 1916 est,
372 1853 454 1914 quae
479 1833 512 1899 iu
529 1839 721 1899 transcursu
745 1837 883 1916 tantum,
908 1839 945 1900 ut
961 1833 1261 1900 dissimilitudinum
1286 1833 1470 1900 coniunctio

199 1949 329 2030 evadat,
355 1949 402 2014 eis
426 1950 541 2015 laudes
565 1949 711 2014 tribuere
735 1950 828 2032 solet,
853 1949 917 2032 qui,
947 1969 1018 2015 oum
1041 1948 1191 2031 plerique
1215 1948 1273 2016 alii
1296 1968 1349 2015 res
1372 1948 1472 2016 utiles

202 2083 242 2129 ao
264 2067 366 2130 bonas
395 2069 615 2148 contemnant,
647 2063 768 2145 optime
797 2064 837 2130 de
867 2065 914 2130 eis
937 2070 1114 2130 merentur.
1161 2065 1280 2146 Itaque
1310 2068 1344 2129 et
1368 2065 1471 2131 satira

199 2181 340 2261 septima
363 2179 396 2244 in
414 2180 592 2246 Traianum
617 2179 762 2246 sinceras
787 2181 933 2245 cumulat
956 2185 991 2246 et
1013 2179 1145 2246 minime
1162 2180 1334 2246 affectatas
1357 2180 1472 2248 laudes

200 2317 239 2363 ea
263 2299 333 2363 sola
357 2298 395 2362 de
420 2317 528 2379 eausa,
558 2303 596 2363 ut
624 2301 779 2378 quantum
814 2296 884 2362 eius
906 2297 1077 2363 literarum
1107 2297 1338 2379 hominumque
1359 2297 1472 2364 litera-

199 2419 305 2478 torum
337 2413 433 2478 favor
466 2433 486 2479 a
517 2412 707 2494 proceribus
739 2411 870 2478 differat
901 2412 1132 2494 perspiciatur.
1189 2412 1284 2497 Quod
1317 2417 1356 2477 ut
1384 2431 1471 2480 asse·

201 2536 371 2612 queretur,
395 2530 475 2595 nihil
508 2535 581 2595 erat
615 2549 672 2595 cur
704 2529 851 2610 pluribus
876 2534 908 2594 et
945 2529 1174 2594 disertioribus
1212 2527 1364 2595 laudibus
1400 2547 1471 2595 eum

200 2638 397 2724 efferret“⁴¹).
444 2643 549 2728 Quam
574 2645 612 2709 ob
636 2664 704 2709 rem
721 2645 802 2709 haec
819 2662 902 2725 quae
925 2645 967 2709 ad
984 2643 1164 2711 Traianum
1181 2649 1333 2725 spectant
1355 2644 1471 2730 primo,

200 2765 237 2825 ut
260 2761 309 2827 ita
332 2761 447 2844 dicam,
473 2766 608 2842 aspectu
631 2760 760 2828 modica
782 2759 967 2842 frigidaque
1000 2759 1168 2840 videntum
1198 2760 1332 2842 propius
1361 2766 1470 2827 autem

199 2876 401 2942 intuentibus
426 2876 591 2942 contraria
607 2877 843 2942 demonstrant.
890 2874 1013 2941 Sensus
1039 2876 1124 2941 enim
1147 2894 1300 2943 versuum
1327 2875 1382 2942 hio
1404 2880 1469 2943 est:

199 2991 274 3058 Viri
303 2993 424 3058 litteris
454 2992 555 3058 dediti
584 2993 704 3057 nullam
733 2993 855 3058 babent
883 3011 973 3073 spem
1001 2991 1160 3057 utilitatis
1189 2991 1327 3058 alieuius
1360 2991 1469 3059 esuis

199 3106 364 3173 laboribus
396 3106 582 3190 capiendae,
618 3107 757 3190 nullam,
792 3126 850 3172 eur
873 3107 1064 3174 incumbant
1086 3107 1119 3173 in
1145 3107 1261 3191 studia,
1298 3100 1470 3192 rationem,

199 3223 262 3288 nisi
276 3223 309 3288 in
326 3223 533 3304 imperatoris
548 3222 781 3288 benevolentia
797 3227 832 3287 et
846 3222 1049 3288 liberalitate
1065 3223 1222 3304 positam3
1247 3241 1330 3288 unus
1349 3222 1469 3289 etenim

200 3337 323 3404 Caesar
345 3338 380 3404 in
402 3357 512 3405 musas
545 3339 605 3403 hoc
633 3343 779 3419 tempore
814 3336 955 3404 afflictas
983 3337 1093 3404 oeulos
1123 3337 1265 3404 coniecit
1294 3355 1470 3420 earumque

199 3453 341 3534 inopiam
365 3462 400 3519 et
428 3454 634 3520 solitudinem
665 3451 854 3519 sublevavit
865 3448 900 3536 ⁵).
948 3453 1174 3520 Studiosorum
1196 3473 1290 3520 nemo
1316 3454 1469 3536 deinceps

198 3567 309 3649 inopia
332 3568 581 3652 conflictabitur,
606 3569 767 3634 neminem
790 3568 824 3633 in
848 3575 1014 3651 posterum
1043 3588 1084 3635 ex
1115 3568 1167 3652 iis,
1198 3569 1253 3650 qui
1282 3569 1326 3636 ad
1352 3569 1469 3652 poesin

200 3683 341 3749 animum
382 3685 607 3767 applicabunt,
647 3688 779 3768 egestas
825 3691 921 3768 coget
953 3687 995 3752 ad
1031 3691 1120 3752 artes
1156 3684 1305 3752 sordidas
1337 3690 1372 3752 et
1403 3685 1469 3768 ipsi

199 3798 350 3882 indignas
374 3799 571 3866 descendere
582 3799 618 3884 ⁰).
673 3801 783 3868 Maoti
806 3801 940 3885 animis,
965 3800 1205 3868 adolescentes!
1242 3821 1282 3868 en
1316 3802 1469 3886 princeps

306 3983 329 4051 ¹)
357 3984 758 4055 Dioeass.LXV111,r§3.

304 4073 328 4140 ²)
357 4072 394 4124 Of.
417 4089 486 4142 quae
507 4091 592 4143 supra
609 4092 636 4144 p.
656 4075 690 4125 19
710 4091 750 4143 eq.
771 4076 875 4128 dehac
894 4093 923 4129 re
943 4078 1072 4130 diximus.

304 4161 328 4229 ³)
357 4163 417 4215 Vid.
437 4163 628 4233 Synuerberg.²
648 4164 666 4215 l.
684 4164 702 4214 l.
721 4181 748 4232 p.
768 4164 810 4216 80.

303 4251 328 4319 ⁴)
355 4254 397 4304 De
417 4254 509 4322 exilio,
528 4271 553 4322 p.
573 4253 615 4304 28.

305 4342 329 4408 5)
358 4343 413 4394 Set.
439 4343 498 4412 vll,
521 4343 603 4393 1-3:
648 4343 700 4408 „ut
724 4359 788 4412 spes
815 4347 842 4395 et
868 4345 939 4396 ratio
965 4344 1121 4397 studiorum
1143 4345 1171 4396 in
1200 4343 1318 4398 Caesare
1342 4348 1460 4398 tentum:

199 4431 279 4483 Solus
299 4433 373 4482 enim
392 4433 484 4484 tristes
502 4432 555 4484 heo
574 4437 740 4502 tempestate
760 4449 888 4485 camenas
906 4434 1048 4502 Respexit.

304 4519 328 4586 Ι3)
346 4520 507 4574 lb.v.17-18:
523 4522 626 4587 „Nemo
634 4521 980 4590 temenstudiisindignum
988 4523 1059 4575 ferre
1066 4523 1190 4578 laborem
1198 4521 1464 4594 Cogeturposthac.“
