3234 4994
790 403 830 470 29

705 492 913 502 -.-.---—--

176 615 277 686 etiam
300 621 454 684 externas
477 615 718 700 subiungendas
743 616 894 698 arbitror,
931 634 1013 698 quae
1036 618 1128 680 aetas
1152 613 1308 695 cuiusque
1332 632 1438 680 mores

177 733 334 816 principis
371 735 413 800 ad
451 732 585 799 exilium
619 737 738 814 poetae
773 751 869 814 quam
903 731 1042 797 maxime
1066 728 1214 796 conferre
1249 727 1439 810 potuerint?

176 849 466 920 Verumenimvero
503 867 680 931 paucorum
718 847 778 914 illa
814 865 968 914 versuum
1006 845 1121 928 satira,
1161 863 1243 927 quae
1281 843 1440 912 Juvenali

177 964 311 1031 exilium
333 967 474 1050 paravit,
510 965 608 1034 aliter
640 972 674 1034 et
697 983 796 1034 exre
820 970 854 1031 et
877 983 918 1031 ex
949 968 1095 1046 tempore
1129 960 1288 1044 explicari
1321 960 1439 1043 potuit.

176 1080 264 1146 Nam
287 1086 366 1165 tum,
389 1083 454 1148 iam
471 1081 754 1166 quadragesimum
770 1081 861 1150 ritae
885 1098 1003 1147 annum
1027 1096 1139 1162 agens
1164 1077 1228 1162 „ad
1245 1077 1440 1161 dignitatem

178 1197 339 1278 equestris
363 1197 486 1264 ordinis
510 1216 570 1266 sua
592 1199 715 1266 virtute
737 1196 911 1279 pervenire
926 1191 1066 1262 meruit“
1078 1190 1112 1278 ¹).
1152 1193 1281 1260 Deinde
1300 1213 1338 1260 eo
1353 1192 1441 1259 haud

178 1312 274 1380 dubie
308 1318 463 1398 tempore,
502 1319 540 1381 ut
572 1315 688 1381 titulus
722 1312 871 1396 lapideus
906 1311 1031 1396 Aquini
1065 1315 1220 1393 repertus
1253 1303 1440 1392 testatur²b

182 1429 359 1496 honorifico
384 1429 542 1514 „flaminis
565 1430 646 1497 Divi
668 1426 887 1512 Vespasiani‘
907 1447 1041 1496 munere
1055 1423 1284 1511 fungebatur⁸)
1308 1429 1443 1506 arteque

177 1544 381 1612 declamandi
419 1545 548 1626 aliquod
586 1545 649 1613 sibi
682 1565 798 1613 nomen
832 1547 897 1612 iam
933 1544 1137 1627 comparavit
1172 1561 1270 1623 seque
1307 1541 1441 1626 dignum

177 1659 339 1741 praebuit,
370 1662 426 1743 qui
449 1682 470 1729 a
492 1662 654 1729 Martiale
682 1658 883 1746 „facundus“
916 1654 1185 1745 appellaretur4).
1236 1659 1354 1740 Itaque
1377 1675 1442 1725 non

178 1775 258 1842 adeo
281 1795 405 1858 parrae
434 1777 687 1845 existimationis
710 1778 762 1847 vir
790 1777 847 1844 ille
870 1779 994 1844 Romae
1017 1776 1089 1862 fuit,
1120 1775 1171 1843 uti
1200 1781 1335 1858 propter
1363 1794 1442 1841 non·

176 1893 282 1960 nullos
304 1911 420 1960 versus
443 1894 477 1960 in
512 1895 670 1975 quendam
693 1893 929 1976 pantomimum
964 1894 1160 1975 compositos
1195 1892 1275 1958 urbe
1305 1908 1441 1958 summo·

177 2015 321 2077 veretur.
374 2010 447 2077 Nec
475 2009 804 2092 praetermittendum
834 2014 886 2076 est
909 2008 1180 2093 epigrammatum
1204 2007 1441 2074 coniectionem

177 2132 245 2193 tam
268 2127 398 2193 solitam
421 2127 472 2193 his
496 2127 695 2210 temporibus
717 2125 829 2210 fuisse,
865 2131 966 2193 utne
991 2125 1106 2192 summi
1140 2123 1268 2205 quidem
1303 2126 1338 2189 et
1368 2142 1441 2207 gra·

177 2241 304 2309 vissimi
326 2241 392 2310 viri
415 2242 480 2308 otio
504 2260 562 2309 auo
585 2242 681 2308 huius
704 2242 752 2307 rei
768 2261 867 2309 causa
887 2246 1062 2324 parcerent
1081 2241 1303 2320 ludicramque
1317 2237 1441 2322 poesin,

178 2376 260 2440 quae
282 2357 368 2426 haud
391 2378 468 2425 raro
496 2378 606 2425 omnes
639 2358 709 2424 iere
732 2359 823 2425 vitae
858 2357 1059 2425 conditiones
1094 2355 1284 2441 attingeret,
1319 2352 1441 2436 passim

177 2479 365 2541 tractarent
373 2469 410 2558 ⁵).
447 2476 513 2542 His
536 2475 683 2543 omnibus
698 2476 795 2542 rebus
811 2475 984 2558 reputatis,
1008 2492 1074 2540 non
1098 2477 1150 2540 est
1165 2492 1222 2538 cur
1245 2470 1440 2553 dubitemus,

178 2591 255 2673 quin
279 2596 411 2673 praeter
434 2590 525 2658 exilii
555 2610 681 2675 causae,
713 2609 793 2671 quas
817 2611 834 2656 e
857 2589 938 2658 ritis
961 2593 1146 2671 compertas
1174 2589 1340 2671 habemus,
1371 2586 1442 2668 plu·

177 2705 294 2772 rimum
318 2707 359 2772 ad
382 2706 466 2771 hane
489 2725 557 2772 rem
580 2711 761 2788 temporum
785 2705 938 2790 conditio,
968 2724 1075 2772 mores
1102 2704 1331 2786 ingeniumque
1354 2701 1441 2783 prin·

178 2821 259 2904 cipis
282 2821 413 2903 eiusque
437 2841 509 2888 cum
532 2821 615 2891 viris
637 2821 663 2887 J
664 2823 795 2890 uvenali
819 2821 980 2888 similibus
1000 2819 1208 2906 consuetudo,
1234 2818 1441 2886 contulerint.

281 3060 304 3125 ¹)
331 3060 396 3112 Vita
413 3059 573 3112 Bodleiano.

280 3148 305 3215 ²)
335 3146 373 3201 Of.
393 3149 454 3201 infr.

283 3234 308 3303 ³)
337 3235 377 3290 Of.
396 3237 563 3306 Marquardt,
587 3236 706 3289 Alterth.
724 3235 770 3288 1v.
789 3253 815 3306 p.
834 3235 887 3289 425
909 3253 936 3288 n.
956 3233 1034 3288 2920.
1062 3265 1097 3274 -
1124 3233 1224 3303 Pauly,
1246 3231 1439 3298 Real-Encycl.

175 3326 221 3397 VI,
242 3329 264 3379 1.
283 3325 344 3378 363,
1059 3336 1062 3341 ·

281 3414 307 3482 ⁴)
335 3416 413 3468 liart.
432 3417 482 3486 Ep.
501 3415 560 3486 VH,
579 3415 626 3468 91:
657 3415 715 3481 ,De
733 3418 838 3484 nostro,
856 3412 982 3481 facunde,
1009 3414 1061 3469 tibi
1078 3412 1220 3466 iuvenalis
1238 3410 1328 3480 agello
1347 3409 1440 3464 Satur·

175 3507 292 3559 nalicias
316 3507 452 3558 mittimus
477 3521 540 3558 ecce
558 3507 668 3557 nuces.“
693 3535 727 3544 -
746 3504 797 3556 Hic
815 3503 886 3558 liber
904 3505 1143 3573 epigrammatum,
1165 3505 1197 3553 nt
1214 3500 1440 3553 Friedlaenderus

176 3597 256 3650 docet
274 3596 330 3664 (De
349 3596 519 3666 temporibus
532 3596 667 3649 librorum
679 3593 812 3647 Martialis
825 3593 985 3646 Domitiano
997 3595 1153 3663 imperante
1166 3591 1256 3662 editis,
1274 3590 1441 3660 Regimonti,

175 3686 268 3757 1862),
293 3703 357 3740 ann.
382 3686 415 3738 92
434 3704 461 3756 p.
481 3685 543 3738 (ihr.
563 3689 619 3738 nat.
644 3685 734 3738 editus
754 3687 804 3736 est.
832 3713 866 3723 —
895 3681 933 3736 Cf.
952 3684 1001 3735 vit.
1023 3682 1222 3751 Kalenlnamp.:
1252 3680 1442 3748 ,Declamavit

175 3793 230 3830 non
248 3778 381 3830 mediocri
399 3778 497 3830 11111.α

281 3867 305 3934 ⁵)
333 3867 410 3933 Plin.,
423 3866 473 3935 Ep.
486 3865 533 3936 IV,
552 3864 586 3916 14
605 3868 618 3930 5
637 3847 720 3916 2-’52
750 3861 894 3933 ,Accipies
914 3879 977 3916 eum
993 3862 1046 3915 hac
1064 3861 1181 3931 epistola
1193 3857 1440 3924 hendecasyllabos

175 3961 298 4010 nostros:
330 3957 429 4024 quibus
453 3970 504 4007 nos
528 3956 557 4007 in
580 3954 724 4025 vehiculo,
748 3954 777 4005 in
795 3953 914 4023 balineo,
938 3954 1010 4004 inter
1029 3966 1143 4004 coenam
1163 3949 1333 4004 oblectamus
1353 3947 1441 4000 otium

175 4047 317 4115 temporis.
347 4045 396 4096 His
408 4045 541 4113 iocamur,
553 4043 685 4114 ludimus,
698 4058 832 4112 amamus,
851 4042 985 4111 dolemus,
999 4041 1148 4111 querimur,
1159 4039 1319 4091 irascimur:
1339 4035 1440 4088 descri-

175 4135 267 4188 bimus
287 4133 393 4206 aliqnid
410 4133 493 4185 modo
512 4135 645 4203 pressius,
664 4133 747 4186 modo
767 4134 880 4185 elatius:
908 4135 991 4199 atque
1009 4132 1071 4200 ipsa
1087 4129 1206 4181 veritate
1224 4129 1364 4178 tentamus
1383 4124 1439 4176 effi-

177 4239 246 4294 cere,
267 4229 296 4277 11
315 4223 370 4276 1111
389 4223 459 4292 aliis,
488 4222 623 4291 quaedam
647 4223 766 4275 fortasse
793 4222 921 4274 omnibus
944 4219 1079 4289 placeant.
1116 4218 1160 4270 Ex
1185 4215 1285 4286 quibus
1304 4218 1397 4266 tamen
1416 4217 1441 4266 si

176 4313 310 4366 nonnulla
331 4312 383 4366 tibi
406 4311 501 4381 paullo
530 4311 719 4381 petulantiora
743 4311 925 4378 videbuntur,
949 4309 1001 4361 erit
1029 4306 1193 4362 eruditionis
1219 4309 1284 4359 tuae
1309 4304 1440 4374 cogitare,

177 4417 300 4455 summos
323 4402 387 4454 illos
411 4405 439 4454 ct
461 4402 643 4470 gravissimos
667 4402 751 4470 viros,
775 4401 822 4468 qui
845 4399 913 4451 talia
936 4399 1115 4468 scripserunt,
1139 4411 1196 4449 non
1220 4395 1302 4448 modo
1325 4393 1441 4447 laseivia

176 4508 276 4562 rerum,
301 4491 350 4544 sed
376 4507 411 4543 ne
438 4491 529 4546 verbis
558 4490 670 4558 quidem
698 4490 780 4542 nudis
808 4488 985 4557 abstinuisse,
1017 4502 1087 4556 qnae
1114 4499 1167 4540 nos
1195 4485 1357 4554 refugimus,
1384 4497 1440 4535 non

178 4581 242 4646 quia
260 4582 413 4634 severiores
431 4580 517 4646 (unde
537 4579 653 4648 enimi),
672 4578 721 4631 sed
739 4578 805 4647 qnia
821 4577 974 4629 timidiores
994 4578 1115 4629 111111(ι
1154 4574 1193 4628 cf.
1212 4575 1263 4647 lip.
1282 4571 1385 4644 V11,4.
