3234 4994
807 399 848 460 55

199 606 250 672 Ac
270 605 431 674 faciamus
452 607 590 674 satiram
606 607 676 676 XV
700 607 899 675 aJuvenale
915 605 1073 688 scriptam
1096 625 1168 673 esse
1181 603 1217 690 ¹).
1264 606 1350 692 Quid
1373 607 1463 673 tum?

198 725 286 792 Num
309 743 327 790 e
351 725 475 810 „falsae
499 726 630 791 deorum
655 724 804 791 culturae
828 730 862 791 et
883 723 1002 790 nefarii
1030 725 1139 792 rictus
1167 720 1463 808 Aegyptiorum“²)
1494 725 1497 740 '

200 838 420 922 descriptione
453 839 624 922 quicquam
661 841 701 907 de
733 840 831 908 exilio
866 839 1074 924 Aegyptiaoo
1109 845 1198 907 recte
1229 841 1313 906 sumi
1346 841 1463 923 potuit,

199 955 263 1023 nisi
285 958 347 1024 hoo
370 956 476 1040 ipsum
500 956 634 1023 exilium
657 956 733 1024 inde
756 959 797 1023 ab
821 955 1055 1039 antiquissimis
1078 955 1279 1038 temporibus
1307 957 1465 1022 traditum

199 1072 339 1139 fuisset?
376 1074 448 1138 Neo
471 1073 641 1154 quicquam
673 1073 715 1138 ad
738 1071 829 1138 exilii
851 1073 957 1138 locum
981 1070 1197 1138 definiendum
1222 1090 1239 1138 e
1263 1071 1465 1154 simplicibus

200 1208 286 1255 vers.
315 1191 358 1254 45
386 1189 511 1256 verbis:
544 1193 720 1272 „quantum
750 1187 821 1270 ipse
849 1182 986 1256 notavi“
1016 1187 1166 1268 depromi,
1189 1187 1335 1270 potuisse
1363 1187 1465 1254 mani-

199 1304 318 1371 festum
346 1300 442 1383 est³).
488 1304 606 1385 Itaque
635 1289 766 1370 dubium
795 1321 859 1369 000
889 1306 955 1386 881,
995 1301 1072 1384 quin
1095 1301 1160 1368 nisi
1184 1307 1276 1368 certa
1297 1301 1394 1368 huius
1416 1301 1465 1367 rei

200 1417 321 1485 indicia
347 1409 382 1484 in
405 1418 484 1484 vitis
510 1420 719 1502 haberemus,
749 1438 767 1484 e
791 1419 913 1485 satirae
937 1399 1071 1501 quintae
1103 1417 1249 1484 decimae
1271 1421 1464 1499 argumento

200 1537 234 1602 id
257 1536 361 1602 solum
384 1541 475 1602 recte
498 1535 656 1602 affirmari
678 1541 800 1618 posset,
823 1532 1464 1616 1018001801111108010081801101110-

200 1673 274 1719 nem
297 1653 332 1718 10
354 1649 544 1736 Aegyptum
570 1651 693 1736 „animi
716 1650 827 1734 gratia
848 1653 897 1714 101
918 1655 969 1735 τῆς
990 1652 1112 1736 ἱστορίας
1133 1642 1249 1736 χάριν4)
1273 1648 1464 1730 suscepisse.

200 1769 266 1836 Sed
294 1768 393 1835 etiam
422 1768 614 1834 monendum
647 1772 708 1835 est.
763 1765 926 1833 Hadriani
960 1766 1176 1849 temporibus,
1212 1765 1326 1846 quibus
1362 1765 1466 1830 satira

200 1884 444 1951 adnumeranda
466 1879 562 1967 8815),
587 1884 686 1950 etiam
706 1883 900 1966 peregrinae
916 1881 1159 1963 superstitionis
1182 1879 1336 1963 foeditas,
1361 1879 1466 1960 qualis

200 1999 327 2068 recenti
350 1999 486 2066 duorum
510 1998 659 2082 Aegypti
683 1999 871 2081 oppidorum
896 1997 1043 2080 exemplo
1067 1995 1274 2076 describitur,
1299 1997 1467 2061 Romanae

200 2117 323 2183 satirae
345 2115 448 2182 tacem
473 2115 620 2182 excitare
642 2115 762 2198 potuit,
785 2115 981 2196 praesertim
999 2132 1071 2179 oum
1086 2112 1228 2180 Romani
1250 2117 1319 2178 tum
1343 2111 1466 2178 ascitas

199 2231 375 2315 religiones
411 2231 513 2298 multo
546 2231 650 2313 pluris
678 2251 774 2313 quam
801 2229 928 2312 patrias
956 2227 1149 2309 facereutl).
1196 2227 1301 2311 Quam
1332 2227 1371 2292 ob
1395 2245 1464 2292 rem

199 2349 285 2414 haud
319 2349 385 2415 seio
420 2367 462 2415 an
496 2353 587 2415 recte
622 2348 801 2429 coniciant,
840 2347 894 2429 qui
933 2347 1150 2432 „Juvenalem
1186 2344 1290 2411 satira
1325 2343 1395 2412 XV
1431 2341 1465 2408 in

200 2461 440 2548 Aegyptiorum
464 2464 562 2531 rebus
586 2463 801 2544 probabiliter
824 2468 999 2545 antequam
1027 2465 1098 2546 ipse
1122 2461 1311 2546 Aegyptum
1335 2461 1465 2540 peteret

201 2579 404 2647 immoratum
428 2577 520 2647 esse‘·'
533 2573 558 2663 7)
576 2598 710 2661 eamque
725 2580 860 2662 Romae,
884 2584 942 2646 aut
954 2580 983 2645 si
997 2579 1162 2662 mavisin
1177 2575 1280 2644 Italia
1296 2573 1467 2656 scripsisse

202 2695 411 2782 affirmant⁸).
457 2697 550 2782 Quae
565 2697 701 2764 comita
717 2693 799 2782 sind,
823 2716 844 2763 a
859 2714 938 2763 vero
955 2696 1109 2763 aberrare
1129 2693 1208 2758 mihi
1219 2692 1386 2774 ridentur,
1411 2689 1467 2771 qui

309 2964 333 3032 ¹)
350 2966 549 3019 Defensiouem
567 2967 649 3019 huius
675 2968 776 3019 satirae
801 2968 898 3019 contra
920 2964 1074 3034 Kempfium
1100 2964 1222 3032 suscepit
1245 2961 1416 3016 Doeleunius
1439 2961 1468 3011 10

202 3054 273 3107 libro
296 3057 341 3123 qui
355 3055 515 3108 inscribitur
535 3055 679 3124 „Bettrbge
698 3072 746 3108 nur
757 3055 849 3107 Kritik
867 3055 924 3107 und
936 3055 1094 3122 Erkldrung
1113 3054 1136 3108 d.
1152 3053 1259 3106 Satiren
1278 3052 1303 3104 d.
1316 3049 1468 3117 Iuvenalis,

201 3161 228 3213 p.
249 3143 300 3196 242
320 3160 361 3214 sq.
381 3143 484 3198 Contra
501 3145 646 3198 Ribbeckii
665 3147 829 3198 sententiam
849 3144 1058 3214 disputaverunt
1069 3144 1162 3213 Lupus
1182 3139 1467 3208 (Vindiciacduvena

202 3235 302 3304 lianae,
327 3235 440 3287 Bonnae
464 3233 556 3304 1866),
580 3235 755 3287 Meiuertzius
781 3234 938 3301 (VindIciae
961 3233 1168 3300 Iuvenaliauae,
1194 3231 1351 3300 Regr‘mcnti
1374 3227 1468 3297 1868),

202 3326 325 3379 Palmius
349 3325 403 3392 (De
427 3325 525 3377 Juveu.
552 3326 628 3377 satir.
652 3326 747 3392 quinta
772 3324 877 3376 decima
901 3321 1173 3386 HousSax.1882).
1197 3351 1231 3360 -
1254 3319 1306 3372 Vid
1325 3322 1468 3388 praeterea

202 3415 305 3468 librum
323 3431 416 3468 meum
437 3414 576 3482 „Puucaas
595 3431 652 3467 cau.
670 3431 688 3466 a
705 3413 854 3482 lOsesaun,
872 3429 899 3482 p.
917 3411 969 3464 439
989 3413 1046 3480 sq.“

309 3504 333 3571 2)
361 3505 467 3557 Satirae
485 3503 535 3556 XV
554 3503 650 3556 titulus
670 3505 800 3571 antiquus
819 3518 862 3571 ap.
882 3499 1050 3568 Sicboldum,
1068 3499 1088 3550 1.
1106 3499 1124 3552 1.
1143 3514 1169 3567 p.
1189 3495 1249 3555 300,

310 3591 334 3660 ³)
362 3593 402 3646 Of.
421 3595 506 3664 Palm,
524 3594 542 3646 1.
561 3594 579 3648 l.
598 3610 625 3663 p.
645 3591 669 3644 6.

310 3681 335 3749 ⁴)
364 3683 524 3754 Salmasius,
542 3683 664 3737 Exercit.
683 3682 761 3752 Ρ110,
780 3697 807 3750 p.
825 3679 887 3733 452.

311 3773 335 3838 5)
363 3772 432 3824 Vide
452 3788 521 3841 quae
541 3788 625 3842 supra
642 3775 683 3842 (p.
702 3771 735 3824 13
755 3773 810 3838 sq.)
830 3770 864 3822 de
883 3769 935 3821 hac
952 3783 982 3820 re
1002 3768 1165 3820 dictasunt.

310 3859 335 3928 ⁶)
363 3862 512 3930 Hermann,
536 3863 620 3931 praef.
645 3861 719 3916 laud.
738 3879 764 3932 p.
783 3859 860 3912 XVII
885 3873 1018 3927 meusque
1043 3857 1114 3910 liber
1138 3857 1250 3923 „Pauca
1276 3870 1331 3906 car.
1354 3871 1372 3905 n
1389 3852 1468 3906 IOse-

204 3954 302 4022 aaun“,
320 3969 346 4022 p.
365 3950 512 4004 asc-385.
532 3982 565 3990 -
584 3952 670 4019 Palm,
687 3952 706 4003 1.
724 3951 743 4003 l.
762 3967 789 4020 p.
807 3949 833 4002 3.

312 4039 336 4107 7)
364 4041 513 4110 Stampiui,
536 4057 563 4110 p.
587 4039 620 4092 61
646 4041 692 4094 ubi
715 4040 786 4092 hanc
812 4052 921 4108 quoque
943 4036 1019 4090 haud
1042 4038 1163 4106 ineptam
1186 4036 1371 4088 coniecturam
1393 4049 1469 4104 repe.

205 4135 306 4186 rimus:
338 4134 386 4197 „ut
404 4131 516 4184 silentio
535 4135 674 4182 transeam
692 4129 923 4182 verisimillimum
943 4141 1051 4196 quoquc
1069 4125 1137 4178 mihi
1154 4125 1243 4178 videri
1255 4128 1375 4195 poetam,
1393 4127 1425 4175 ut
1438 4140 1471 4182 ea

207 4224 239 4275 de
258 4222 387 4291 Aegypto
407 4223 547 4272 enarraret
564 4220 593 4271 iu
612 4220 705 4288 satira,
725 4218 868 4270 cuiusdam
886 4218 1004 4269 10110888
1023 4217 1104 4268 amici
1121 4215 1280 4267 testimonio
1290 4215 1381 4269 nisum
1401 4228 1470 4282 esse,

208 4314 255 4380 qui
273 4327 297 4363 a.
317 4308 378 4364 Chr.
400 4307 524 4362 CXXVII
541 4310 569 4361 in
588 4307 716 4382 Aegypto
735 4309 859 4362 fuisset.“

311 4397 336 4466 8)
364 4399 474 4468 Weber,
492 4398 544 4450 Dia
558 4397 675 4466 Satires,
692 4415 719 4466 p,
732 4395 797 4448 229:
822 4396 882 4462 „dle
895 4395 1054 4448 ftinlaehute
1066 4393 1154 4447 Satira
1173 4431 1232 4453 ,...
1252 4392 1326 4452 kann
1339 4391 1469 4460 ntrgends

208 4490 307 4542 andero
325 4489 367 4541 als
385 4489 414 4540 ln
432 4488 503 4541 Rom
523 4486 589 4540 oder
608 4486 678 4538 doch
696 4487 864 4554 wenigstens
888 4485 917 4536 in
936 4483 1035 4537 Italion
1054 4482 1218 4542 eatstauden
1236 4483 1308 4552 8810,
1337 4480 1470 4534 (101818-

208 4578 280 4641 palls
294 4593 349 4642 von
363 4579 468 4640 8810810
481 4575 688 4654 Aegyptlaohcn
700 4573 864 4636 Aufeptbalt
875 4573 945 4634 Voss
957 4572 992 4634 45
1004 4574 1033 4633 in
1046 4572 1095 4634 (181·
1107 4572 1328 4643 vergangcnhelt
1340 4570 1469 4641 spricht.“
