3234 4994
370 739 717 876 Sententiae
762 750 1205 878 oontroversae.

711 981 868 994 ——nd

201 1107 237 1176 1.
275 1104 487 1178 Juvenalem
514 1105 611 1177 eirea
637 1106 686 1176 47
713 1127 748 1198 p.
776 1105 859 1179 (ihr.
887 1127 968 1177 ann.
996 1111 1119 1178 natum
1146 1126 1223 1176 esse
1248 1112 1346 1198 puto.

202 1242 235 1314 2.
276 1243 300 1314 J
301 1232 488 1315 uvenalem
502 1263 524 1314 a
539 1243 745 1314 Domitiano
760 1242 956 1314 inexilium
971 1243 1117 1314 missum
1131 1262 1208 1313 esse
1220 1245 1404 1315 contendo.

201 1379 234 1451 3.
276 1379 320 1450 In
345 1380 430 1451 Juv.
460 1381 594 1451 saun
620 1401 692 1450 vrs.
726 1381 798 1450 130
823 1400 888 1471 pro
919 1399 1005 1468 „nee
1031 1381 1186 1450 terram“
1218 1379 1405 1469 legendum

276 1503 330 1569 est
360 1519 447 1587 „neo
474 1500 668 1569 aetram.“

200 1637 235 1706 4.
277 1637 321 1706 In
347 1637 432 1708 Juv.
461 1640 529 1706 sat.
556 1635 632 1706 XII
657 1656 730 1708 vrs.
759 1637 808 1706 13
839 1656 904 1724 pro
935 1635 1129 1723 „Clitumni
1159 1656 1293 1726 pascua
1325 1657 1405 1706 san·

278 1755 380 1844 guis“
411 1755 556 1844 legatur
584 1755 777 1842 „Clitumni
803 1774 938 1844 pasena
965 1755 1144 1826 sanati.“

205 1895 238 1962 5.
280 1891 396 1963 Tacit.
424 1892 517 1962 Ann.
545 1891 644 1968 XVI.
675 1894 738 1962 ll:

284 2011 542 2100 „Servavitque
569 2011 727 2081 ordinem
753 2009 917 2098 fortuna;
945 2031 988 2081 ao
1014 2010 1171 2081 seniores
1193 2011 1303 2102 prius,
1331 2019 1406 2083 tum

280 2136 321 2202 ut
347 2131 406 2202 oui
432 2129 549 2220 prima
575 2137 687 2214 aetas
715 2131 994 2220 extinguuntur“
1015 2172 1068 2182 -
1093 2131 1252 2220 legatur:

282 2250 541 2339 „servavitque
568 2250 727 2321 ordinem
753 2249 913 2339 fortuna3
946 2271 989 2322 ae
1016 2250 1164 2321 senior
1188 2251 1303 2341 prius
1330 2257 1406 2322 tum

277 2375 318 2440 ut
350 2369 407 2441 eui
433 2369 639 2458 proxima
665 2375 767 2440 aetas
794 2370 1086 2459 extinguuntur·.“

205 2508 238 2578 6.
279 2508 365 2579 Juv.
394 2511 461 2578 sat.
490 2505 627 2596 primae
653 2482 765 2578 verba
796 2506 919 2594 „Nune
950 2507 1111 2597 sportula
1141 2505 1255 2596 primo
1287 2507 1408 2577 limine

279 2627 397 2697 sedet“
437 2619 532 2721 (vrs.
573 2621 644 2720 95)
685 2625 865 2714 prioribus
904 2627 1006 2716 „quis
1042 2631 1177 2696 secreto
1219 2627 1405 2699 coenavit“

280 2745 410 2835 optime
437 2744 660 2834 respondent.

206 2886 237 2952 7.
281 2881 450 2953 Eiusdem
492 2879 625 2952 satirae
662 2901 735 2954 vrs.
770 2885 820 2952 85
857 2886 893 2952 et
929 2884 977 2952 86
1014 2880 1102 2951 mihi
1136 2880 1303 2952 videntur
1338 2902 1408 2952 non

280 3021 356 3072 esse
383 3001 582 3073 Juvenalis

206 3138 239 3210 8.
283 3137 450 3229 Sportula
477 3139 571 3226 apud
594 3137 806 3210 Juvenalem
832 3137 876 3207 de
902 3136 1054 3227 pecunia
1079 3157 1150 3254 non
1177 3138 1220 3208 de
1247 3137 1406 3208 alborum

281 3257 531 3329 distributione
558 3256 796 3346 intellegenda
823 3261 887 3327 est.

207 3396 240 3464 9.
282 3395 417 3465 Nomen
445 3398 589 3465 saturae
616 3413 638 3464 a
665 3394 908 3465 saturnalibus
935 3396 1080 3466 ductum
1105 3399 1204 3484 puto.

180 3535 240 3604 10.
281 3532 445 3603 Nonnum
480 3524 733 3625 (Dionysiaca,
769 3532 885 3614 XXV,
923 3533 969 3602 61
1005 3551 1057 3621 sq.
1089 3531 1233 3612 XXXI,
1267 3532 1314 3601 17
1344 3525 1412 3622 sq.)

282 3651 319 3721 in
346 3648 578 3732 describenda
618 3652 725 3721 oaede
764 3651 935 3721 Medusae
978 3671 1000 3721 a
1038 3651 1169 3721 Perseo
1209 3655 1415 3740 perpetrata

281 3776 440 3840 secutum
476 3789 553 3839 esse
586 3770 757 3860 Aeschyli
791 3769 951 3840 fabulam
988 3790 1079 3859 quae
1112 3768 1320 3840 inscribitur
1357 3764 1412 3857 „ai

282 3883 460 3986 deputas&
492 3891 703 3960 contendo.

613 4141 971 4188 ...we-..-
