3234 4994
805 396 846 455 14

715 479 927 488 *ιω-η...-

186 601 343 683 scriptam
367 621 440 668 esse
462 621 559 684 posse
583 607 724 683 apparet
734 598 768 686 ¹),
799 622 864 668 non
887 606 940 668 est
963 602 1048 682 quod
1072 600 1209 667 satiram
1233 601 1345 683 XIII,
1375 620 1457 682 quae

184 721 304 783 natura
327 736 387 782 sua
409 716 543 799 propius
568 717 610 782 ad
633 718 703 785 XV
727 736 822 798 quam
847 717 888 783 ad
911 717 1002 783 XIV
1026 713 1198 800 accedit²),
1223 735 1340 784 novem
1362 718 1458 783 annis

185 837 263 898 ante
287 833 423 898 satiram
448 834 519 901 XV
544 832 765 913 conscriptam
789 833 988 900 coniciamus
998 830 1034 914 ³).
1081 833 1198 913 Itaque
1221 833 1356 899 tertiam
1373 833 1459 898 deci-

186 967 272 1014 mam
300 947 435 1014 satiram
466 953 542 1031 post
565 954 755 1029 sequentem
785 950 941 1030 scriptam
972 969 1045 1015 esse
1069 949 1198 1031 opinari
1221 943 1341 1032 licet4),
1366 968 1459 1030 prae-

159 1111 162 1116 .
186 1065 299 1131 sertim
323 1065 351 1129 si
375 1064 626 1148 consideremus
652 1065 782 1148 singula
805 1067 838 1130 in
864 1066 977 1131 ultimo
1001 1066 1084 1130 libro
1108 1065 1255 1131 carmina
1278 1071 1354 1147 post
1375 1085 1459 1130 mor-

186 1186 251 1246 tem
275 1185 392 1261 poetae
422 1179 521 1247 aliter
549 1180 692 1246 fortasse
724 1187 823 1262 atque
852 1200 937 1248 nunc
966 1181 1128 1264 disposita
1150 1182 1251 1248 fuisse
1261 1177 1296 1263 ⁵).
1352 1179 1458 1265 Quam

187 1297 227 1361 ob
255 1315 323 1362 rem
352 1297 380 1362 si
406 1316 471 1362 uon
502 1298 605 1363 solum
635 1296 859 1380 coniecturae,
892 1298 948 1364 sed
981 1297 1114 1364 maioris
1143 1297 1272 1379 quidem
1305 1298 1459 1364 momenti

187 1418 383 1494 argumenta
406 1413 541 1479 satiram
559 1413 655 1478 XIII
680 1431 753 1479 ann.
778 1433 810 1495 p.
827 1412 904 1480 Ohr.
921 1433 952 1480 ιι.
974 1419 1220 1480 interemtam
1241 1432 1313 1479 esse
1330 1414 1460 1479 demon·

184 1533 313 1610 strant,
349 1547 414 1594 nou
445 1535 498 1594 est
527 1528 612 1608 quod
640 1528 818 1594 editionem
847 1528 919 1594 eius
947 1547 1048 1611 usqua
1079 1529 1120 1594 ad
1145 1548 1265 1595 annum
1291 1535 1352 1594 119
1377 1529 1460 1595 ref·

187 1662 307 1710 ramus.
364 1643 442 1708 Jam
473 1643 501 1708 si
530 1643 790 1728 consideremus,
825 1645 1023 1711 Iuvenalem
1053 1643 1194 1710 omnium
1222 1645 1291 1711 iere
1314 1646 1459 1711 vitarum

189 1779 347 1827 consensu
376 1757 664 1844 ‚,octogenarium“
695 1761 766 1827 fato
800 1761 1018 1842 concessisse,
1053 1780 1188 1828 necesse
1220 1763 1285 1827 erit
1316 1762 1460 1829 natalem

188 1877 257 1943 eius
281 1877 323 1942 ad
347 1877 614 1960 quadragesimus
637 1884 714 1958 post
737 1878 814 1945 Ohr.
839 1898 941 1945 annos
969 1879 1159 1945 referamus.
1216 1878 1307 1962 Quae
1332 1898 1460 1961 compu-

188 1991 273 2058 tatio
297 1992 426 2058 omnIno
452 1992 603 2076 congruit
618 2012 689 2058 curn
710 1993 883 2060 notissima
905 1995 964 2060 illa
979 1994 1141 2076 Borghesi
1165 1999 1199 2059 et
1215 1992 1459 2077 Synnerbergii,

189 2125 324 2190 quorum
355 2108 442 2173 alter
471 2107 669 2173 Juvenalem
699 2108 789 2174 intra
818 2097 922 2174 annos
943 2114 985 2174 47
1011 2115 1045 2174 et
1072 2116 1131 2174 127
1157 2108 1280 2175 vixisse
1310 2109 1459 2188 coniecit,

188 2224 275 2289 alter
297 2241 375 2289 vero
400 2230 530 2303 poetam
556 2223 643 2288 circa
668 2242 785 2288 anuum
811 2225 879 2289 urb.
905 2225 994 2289 cond.
1020 2224 1236 2290 DOOXOIX
1258 2229 1371 2289 natum
1389 2242 1460 2290 esse

190 2334 340 2420 voluit⁶).
389 2338 453 2404 Sed
477 2338 558 2403 haec
581 2338 749 2404 hacteuus.
796 2339 893 2404 Nunc
917 2339 958 2403 ad
983 2338 1164 2404 sententias
1187 2338 1372 2420 nuperrime
1388 2355 1460 2417 pro·

189 2455 276 2522 latas
300 2453 525 2535 accedamus„

296 2567 409 2651 Atque
432 2570 699 2637 Raodloeoderos
727 2571 760 2636 in
790 2568 1041 2653 dissertatione,
1077 2589 1159 2651 quae
1189 2571 1262 2652 „De
1285 2569 1461 2636 Iuvenalis

190 2686 281 2756 vitae
305 2688 506 2769 temporibus
515 2680 563 2770 ⁷)“
587 2686 791 2769 inscribitur,
828 2686 1070 2752 memorabilem
1099 2686 1191 2752 illum
1216 2687 1310 2752 XIII
1340 2687 1461 2752 satirae

353 2811 512 2822 *—

193 2873 318 2925 tissimae
348 2872 477 2938 „Junco“.
530 2870 669 2940 Quidquid
697 2872 769 2924 enim
798 2871 831 2924 de
858 2870 1002 2924 Iuvenalis
1030 2873 1087 2923 vita
1114 2872 1158 2923 vel
1187 2871 1327 2924 codicibus
1356 2872 1465 2939 statuis,

192 2960 359 3027 blsyllabum
387 2963 503 3028 „Junio“
528 2976 642 3030 prorsus
666 2976 721 3014 non
747 2963 789 3013 est
808 2960 979 3013 tolerabile.“
1021 2960 1099 3028 Ibid,
1119 2976 1181 3013 eun.
1200 2959 1232 3012 4:
1262 2959 1387 3026 „Nullius
1405 2974 1464 3011 mo·

191 3052 278 3106 menti
297 3055 376 3102 sunt:
406 3051 518 3120 ,Vineo,
537 3050 629 3118 Viuio,
646 3049 746 3119 Juno“,
766 3064 884 3116 quorum
903 3051 981 3118 origo
1001 3050 1148 3101 manifesta
1167 3051 1234 3102 est.“

301 3139 324 3205 ¹)
353 3137 392 3191 Ol.
412 3137 566 3206 Cardinali,
593 3138 636 3189 Un
655 3153 748 3190 nuovo
768 3137 890 3206 diploma
913 3137 1033 3190 mllItare
1058 3137 1121 3189 dell'
1140 3139 1307 3207 imperatore
1330 3136 1465 3204 Adriano,

195 3231 224 3280 iu
234 3227 435 3280 Dissertanioni
446 3227 519 3279 della
528 3227 669 3296 pontificia
678 3227 830 3279 Academia
840 3225 867 3277 di
878 3225 1071 3296 Aroheologia,
1081 3225 1161 3278 Rom.
1171 3224 1249 3292 1835,
1267 3225 1297 3277 T.
1308 3225 1354 3295 Vl,
1366 3243 1393 3295 p.
1403 3225 1464 3282 231.

298 3316 321 3382 ²)
349 3316 391 3368 De
416 3316 507 3368 indole
533 3315 632 3367 harum
657 3316 803 3367 satirarum
832 3314 865 3366 cf.
886 3315 1026 3380 „Puucnau
1055 3330 1157 3384 cerupa
1174 3330 1191 3365 u
1210 3311 1381 3382 IOneaauu“,
1409 3313 1464 3364 llu-

192 3420 269 3474 raaa,
289 3404 358 3456 1879
376 3422 402 3474 p.
422 3403 571 3456 352-388.

295 3491 320 3558 ³)
352 3493 459 3562 Annua,
479 3508 532 3560 quo
551 3492 616 3544 XIII
635 3494 749 3546 satiram
774 3494 886 3562 scripsit
903 3493 1055 3562 Iuvenalis,
1081 3493 1233 3560 definietur,
1260 3494 1283 3546 si
1306 3508 1412 3547 numer.
1430 3490 1466 3544 60

192 3586 311 3653 apoeta
328 3587 513 3634 memoratum
532 3582 567 3634 ad
587 3597 671 3653 supra
689 3582 805 3634 allatum
824 3582 858 3634 59
877 3583 922 3634 vel
940 3582 973 3633 57
993 3598 1096 3634 annum
1120 3582 1299 3634 Fonteiorum
1317 3581 1465 3634 addideris.

296 3670 320 3738 ⁴]
349 3671 498 3741 Borghesi,
526 3672 710 3724 Annotazioni
742 3688 758 3723 a
786 3670 935 3724 Gioveuala
965 3673 994 3723 iu
1025 3670 1157 3739 Oeuvres,
1186 3670 1246 3723 Vol.
1278 3671 1310 3739 V,
1342 3687 1369 3740 p.
1397 3671 1464 3722 510:

194 3761 262 3828 „cho
283 3763 427 3830 concluso,
460 3761 510 3813 ohe
528 3760 555 3813 le
575 3761 626 3813 due
646 3762 730 3814 satIre
749 3761 926 3814 tredieesima
945 3775 960 3813 e
979 3761 1086 3813 decima
1105 3762 1201 3829 quinte
1219 3761 1316 3813 furono
1336 3761 1430 3813 scritta
1450 3776 1467 3812 a

193 3867 229 3903 un
259 3850 384 3920 dipresso
408 3849 454 3902 nel
478 3850 630 3902 madesimo
661 3865 734 3903 anno
761 3849 839 3902 880.“
866 3881 896 3891 -
923 3850 1054 3920 Strauch,
1083 3850 1102 3902 l.
1121 3849 1139 3902 l.
1159 3866 1185 3919 p.
1204 3849 1253 3902 42:
1287 3850 1397 3918 „Neque
1423 3855 1466 3902 eat

193 3940 267 4008 quod
291 3948 356 4009 post
378 3939 452 3991 huno
476 3955 579 3992 annum
603 3939 683 4008 (127)
709 3941 823 3992 satiram
850 3939 928 3992 illam
956 3939 1033 4006 (XV)
1059 3941 1191 4009 scriptam
1221 3954 1282 3992 esse
1309 3939 1466 4009 redarguat,

191 4031 277 4082 Immo
298 4030 382 4082 etiam
400 4028 465 4081 XIII
484 4030 569 4081 satira
588 4029 639 4081 sub
658 4029 732 4082 idem
751 4033 861 4098 tempus
881 4030 1038 4099 composIta
1056 4031 1124 4080 cst.“

299 4119 323 4183 ⁵)
350 4117 515 4170 Huiusmodi
534 4118 693 4188 exemplum
712 4119 827 4188 praebet
845 4122 897 4171 sat.
916 4117 975 4187 XV,
995 4133 1078 4186 quam
1097 4117 1178 4170 multi
1197 4117 1306 4170 codices
1325 4121 1389 4186 post
1402 4116 1466 4168 XVI

192 4211 300 4277 ponunt
318 4209 357 4275 (v.
376 4206 457 4276 Jahn,
475 4208 493 4259 l.
512 4206 530 4259 l.
550 4224 576 4277 p.
595 4206 647 4259 159
666 4211 693 4259 et
713 4205 786 4273 166).

297 4293 322 4364 ⁶)
350 4295 501 4365 Borghesi,
526 4295 638 4349 intorno
662 4295 708 4349 all’
727 4297 773 4349 att
797 4297 824 4348 di
848 4294 1013 4366 Giovennle,
1037 4313 1063 4366 p.
1084 4294 1197 4349 75-76.
1223 4325 1256 4335 -
1281 4294 1465 4366 Syunerberg,

192 4385 211 4437 l.
229 4385 248 4439 l.
266 4403 292 4455 p.
311 4385 355 4440 92.

301 4472 324 4542 ⁷)
351 4475 520 4544 Regimonti,
538 4474 616 4528 1875.
654 4475 694 4528 cf.
713 4475 840 4545 Bursian,
858 4475 985 4531 Iahresb.
1004 4475 1075 4530 tiber
1094 4475 1119 4528 d.
1138 4474 1319 4526 Fortschritte
1338 4474 1365 4528 d.
1385 4474 1466 4527 class.

193 4562 312 4616 Alterth.
331 4563 379 4634 III,
397 4581 424 4634 p.
442 4563 504 4617 207.
1280 4589 1283 4602 ·
