<?xml version="1.0" encoding="UTF-8"?>
<!DOCTYPE html PUBLIC "-//W3C//DTD XHTML 1.0 Transitional//EN"
    "http://www.w3.org/TR/xhtml1/DTD/xhtml1-transitional.dtd">
<html xmlns="http://www.w3.org/1999/xhtml" xml:lang="en" lang="en">
 <head>
  <title>
</title>
<meta http-equiv="Content-Type" content="text/html;charset=utf-8" />
  <meta name='ocr-system' content='tesseract 3.04.00' />
  <meta name='ocr-capabilities' content='ocr_page ocr_carea ocr_par ocr_line ocrx_word'/>
</head>
<body>
  <div class='ocr_page' id='page_1' title='image "./dejuvenalisvita01nagugoog_0046.png"; bbox 0 0 3234 4994; ppageno 0'>
   <div class='ocr_carea' id='block_1_1' title="bbox 778 436 815 494">
    <p class='ocr_par' dir='ltr' id='par_1_1' title="bbox 778 436 815 494">
     <span class='ocr_line' id='line_1_1' title="bbox 778 436 815 494; baseline 0 0"><span class='ocrx_word' id='word_1_1' title='bbox 778 436 815 494; x_wconf 89' lang='grc'><strong>31</strong></span> 
     </span>
    </p>
   </div>
   <div class='ocr_carea' id='block_1_2' title="bbox 690 517 900 526">
    <p class='ocr_par' dir='ltr' id='par_1_2' title="bbox 690 517 900 526">
     <span class='ocr_line' id='line_1_2' title="bbox 690 517 900 526; baseline -0.005 0"><span class='ocrx_word' id='word_1_2' title='bbox 690 517 900 526; x_wconf 75' lang='grc'><strong>---</strong></span> 
     </span>
    </p>
   </div>
   <div class='ocr_carea' id='block_1_3' title="bbox 164 636 1430 1424">
    <p class='ocr_par' dir='ltr' id='par_1_3' title="bbox 164 636 1430 1424">
     <span class='ocr_line' id='line_1_3' title="bbox 167 636 1429 725; baseline -0.001 -18"><span class='ocrx_word' id='word_1_3' title='bbox 167 641 318 724; x_wconf 89' lang='lat' dir='ltr'><strong>susprcio,</strong></span> <span class='ocrx_word' id='word_1_4' title='bbox 344 642 440 708; x_wconf 87' lang='lat' dir='ltr'><strong>rebus</strong></span> <span class='ocrx_word' id='word_1_5' title='bbox 457 641 595 707; x_wconf 90' lang='lat' dir='ltr'><strong>adaucta</strong></span> <span class='ocrx_word' id='word_1_6' title='bbox 618 640 762 707; x_wconf 88' lang='lat' dir='ltr'><strong>externis</strong></span> <span class='ocrx_word' id='word_1_7' title='bbox 776 636 809 725; x_wconf 91' lang='lat'><strong>¹),</strong></span> <span class='ocrx_word' id='word_1_8' title='bbox 834 659 959 707; x_wconf 90' lang='lat' dir='ltr'><strong>omnem</strong></span> <span class='ocrx_word' id='word_1_9' title='bbox 981 659 1046 706; x_wconf 89' lang='lat' dir='ltr'><strong>non</strong></span> <span class='ocrx_word' id='word_1_10' title='bbox 1062 639 1163 706; x_wconf 90' lang='lat' dir='ltr'><strong>solum</strong></span> <span class='ocrx_word' id='word_1_11' title='bbox 1185 639 1429 724; x_wconf 74' lang='lat' dir='ltr'><strong>liberalitatem,</strong></span> 
     </span>
     <span class='ocr_line' id='line_1_4' title="bbox 166 747 1428 839; baseline -0.002 -16"><span class='ocrx_word' id='word_1_12' title='bbox 166 758 223 824; x_wconf 90' lang='lat' dir='ltr'><strong>sed</strong></span> <span class='ocrx_word' id='word_1_13' title='bbox 254 747 352 823; x_wconf 88' lang='lat' dir='ltr'><strong>etiam</strong></span> <span class='ocrx_word' id='word_1_14' title='bbox 382 757 613 822; x_wconf 77' lang='lat' dir='ltr'><strong>abstinentiam</strong></span> <span class='ocrx_word' id='word_1_15' title='bbox 641 756 675 822; x_wconf 93' lang='lat' dir='ltr'><strong>in</strong></span> <span class='ocrx_word' id='word_1_16' title='bbox 705 775 742 822; x_wconf 91' lang='lat' dir='ltr'><strong>eo</strong></span> <span class='ocrx_word' id='word_1_17' title='bbox 769 756 962 838; x_wconf 86' lang='lat' dir='ltr'><strong>compressit</strong></span> <span class='ocrx_word' id='word_1_18' title='bbox 972 750 1006 839; x_wconf 76' lang='grc'><strong>2).</strong></span> <span class='ocrx_word' id='word_1_19' title='bbox 1053 755 1205 822; x_wconf 85' lang='lat' dir='ltr'><strong>Infensus</strong></span> <span class='ocrx_word' id='word_1_20' title='bbox 1238 755 1428 838; x_wconf 88' lang='lat' dir='ltr'><strong>virtutibus,</strong></span> 
     </span>
     <span class='ocr_line' id='line_1_5' title="bbox 165 871 1430 958; baseline -0.001 -19"><span class='ocrx_word' id='word_1_21' title='bbox 165 874 307 958; x_wconf 72' lang='lat' dir='ltr'><strong>invidus</strong></span> <span class='ocrx_word' id='word_1_22' title='bbox 330 880 449 940; x_wconf 91' lang='lat' dir='ltr'><strong>natura</strong></span> <span class='ocrx_word' id='word_1_23' title='bbox 471 893 629 956; x_wconf 89' lang='lat' dir='ltr'><strong>praeceps</strong></span> <span class='ocrx_word' id='word_1_24' title='bbox 652 873 687 940; x_wconf 89' lang='lat' dir='ltr'><strong>in</strong></span> <span class='ocrx_word' id='word_1_25' title='bbox 710 871 841 957; x_wconf 59' lang='grc' dir='ltr'><strong>ἱκαναί),</strong></span> <span class='ocrx_word' id='word_1_26' title='bbox 866 872 1048 956; x_wconf 79' lang='lat' dir='ltr'><strong>Caligulam</strong></span> <span class='ocrx_word' id='word_1_27' title='bbox 1072 877 1104 939; x_wconf 81' lang='lat' dir='ltr'><strong>et</strong></span> <span class='ocrx_word' id='word_1_28' title='bbox 1127 872 1292 939; x_wconf 89' lang='lat' dir='ltr'><strong>Neronem</strong></span> <span class='ocrx_word' id='word_1_29' title='bbox 1318 873 1430 938; x_wconf 90' lang='lat' dir='ltr'><strong>crude·</strong></span> 
     </span>
     <span class='ocr_line' id='line_1_6' title="bbox 164 981 1427 1073; baseline -0.002 -17"><span class='ocrx_word' id='word_1_30' title='bbox 164 991 264 1057; x_wconf 86' lang='lat' dir='ltr'><strong>litate</strong></span> <span class='ocrx_word' id='word_1_31' title='bbox 287 991 471 1073; x_wconf 88' lang='lat' dir='ltr'><strong>superavit:</strong></span> <span class='ocrx_word' id='word_1_32' title='bbox 505 990 555 1056; x_wconf 89' lang='lat' dir='ltr'><strong>illi</strong></span> <span class='ocrx_word' id='word_1_33' title='bbox 577 991 662 1057; x_wconf 92' lang='lat' dir='ltr'><strong>enim</strong></span> <span class='ocrx_word' id='word_1_34' title='bbox 686 990 878 1058; x_wconf 85' lang='lat' dir='ltr'><strong>saeviebant</strong></span> <span class='ocrx_word' id='word_1_35' title='bbox 903 990 1001 1072; x_wconf 92' lang='lat' dir='ltr'><strong>clam,</strong></span> <span class='ocrx_word' id='word_1_36' title='bbox 1030 989 1083 1054; x_wconf 91' lang='lat' dir='ltr'><strong>bic</strong></span> <span class='ocrx_word' id='word_1_37' title='bbox 1106 1007 1184 1056; x_wconf 87' lang='lat' dir='ltr'><strong>vero</strong></span> <span class='ocrx_word' id='word_1_38' title='bbox 1209 1023 1249 1033; x_wconf 92' lang='lat'><strong>—-</strong></span> <span class='ocrx_word' id='word_1_39' title='bbox 1273 981 1427 1071; x_wconf 66' lang='lat' dir='ltr'><strong>palam4).</strong></span> 
     </span>
     <span class='ocr_line' id='line_1_7' title="bbox 166 1104 1428 1188; baseline -0.002 -16"><span class='ocrx_word' id='word_1_40' title='bbox 166 1105 291 1172; x_wconf 81' lang='lat' dir='ltr'><strong>Contra</strong></span> <span class='ocrx_word' id='word_1_41' title='bbox 314 1107 505 1187; x_wconf 84' lang='lat' dir='ltr'><strong>pecuniosos</strong></span> <span class='ocrx_word' id='word_1_42' title='bbox 530 1107 723 1188; x_wconf 86' lang='lat' dir='ltr'><strong>optimisque</strong></span> <span class='ocrx_word' id='word_1_43' title='bbox 747 1106 871 1172; x_wconf 91' lang='lat' dir='ltr'><strong>artibus</strong></span> <span class='ocrx_word' id='word_1_44' title='bbox 895 1110 929 1170; x_wconf 89' lang='lat' dir='ltr'><strong>et</strong></span> <span class='ocrx_word' id='word_1_45' title='bbox 952 1104 1102 1172; x_wconf 87' lang='lat' dir='ltr'><strong>doctrina</strong></span> <span class='ocrx_word' id='word_1_46' title='bbox 1125 1105 1273 1172; x_wconf 85' lang='lat' dir='ltr'><strong>excultos</strong></span> <span class='ocrx_word' id='word_1_47' title='bbox 1288 1105 1428 1170; x_wconf 85' lang='lat' dir='ltr'><strong>maxime</strong></span> 
     </span>
     <span class='ocr_line' id='line_1_8' title="bbox 164 1216 1429 1305; baseline 0.002 -18"><span class='ocrx_word' id='word_1_48' title='bbox 164 1221 349 1303; x_wconf 83' lang='lat' dir='ltr'><strong>saeviebat3</strong></span> <span class='ocrx_word' id='word_1_49' title='bbox 376 1241 455 1303; x_wconf 88' lang='lat' dir='ltr'><strong>quos</strong></span> <span class='ocrx_word' id='word_1_50' title='bbox 478 1224 533 1290; x_wconf 89' lang='lat' dir='ltr'><strong>vel</strong></span> <span class='ocrx_word' id='word_1_51' title='bbox 556 1223 727 1305; x_wconf 83' lang='lat' dir='ltr'><strong>relegabat</strong></span> <span class='ocrx_word' id='word_1_52' title='bbox 751 1223 805 1287; x_wconf 85' lang='lat' dir='ltr'><strong>vel</strong></span> <span class='ocrx_word' id='word_1_53' title='bbox 829 1221 949 1304; x_wconf 91' lang='lat' dir='ltr'><strong>capitis</strong></span> <span class='ocrx_word' id='word_1_54' title='bbox 972 1221 1148 1289; x_wconf 88' lang='lat' dir='ltr'><strong>damnabat</strong></span> <span class='ocrx_word' id='word_1_55' title='bbox 1157 1216 1195 1305; x_wconf 86' lang='lat'><strong>⁵).</strong></span> <span class='ocrx_word' id='word_1_56' title='bbox 1243 1221 1429 1305; x_wconf 82' lang='grc' dir='ltr'>,,Δομιτιανὸς</span> 
     </span>
     <span class='ocr_line' id='line_1_9' title="bbox 164 1337 1428 1424; baseline 0 -22"><span class='ocrx_word' id='word_1_57' title='bbox 164 1340 196 1402; x_wconf 85' lang='grc' dir='ltr'><strong>δὲ</strong></span> <span class='ocrx_word' id='word_1_58' title='bbox 219 1337 254 1422; x_wconf 80' lang='grc' dir='ltr'><strong>ἦν</strong></span> <span class='ocrx_word' id='word_1_59' title='bbox 277 1340 328 1423; x_wconf 85' lang='grc' dir='ltr'><strong>μὲν</strong></span> <span class='ocrx_word' id='word_1_60' title='bbox 351 1341 398 1403; x_wconf 87' lang='grc' dir='ltr'><strong>καὶ</strong></span> <span class='ocrx_word' id='word_1_61' title='bbox 421 1339 529 1423; x_wconf 78' lang='grc' dir='ltr'>θρασὺς</span> <span class='ocrx_word' id='word_1_62' title='bbox 550 1341 598 1402; x_wconf 85' lang='grc' dir='ltr'><strong>καὶ</strong></span> <span class='ocrx_word' id='word_1_63' title='bbox 622 1341 744 1423; x_wconf 65' lang='lat' dir='ltr'><strong>appellor,</strong></span> <span class='ocrx_word' id='word_1_64' title='bbox 767 1337 802 1423; x_wconf 79' lang='grc' dir='ltr'><strong>ἦν</strong></span> <span class='ocrx_word' id='word_1_65' title='bbox 819 1341 851 1402; x_wconf 84' lang='grc' dir='ltr'><strong>δὲ</strong></span> <span class='ocrx_word' id='word_1_66' title='bbox 865 1341 913 1402; x_wconf 89' lang='grc' dir='ltr'><strong>καὶ</strong></span> <span class='ocrx_word' id='word_1_67' title='bbox 929 1340 1079 1424; x_wconf 79' lang='grc' dir='ltr'>ἐπίβουλος</span> <span class='ocrx_word' id='word_1_68' title='bbox 1100 1341 1148 1403; x_wconf 86' lang='grc' dir='ltr'><strong>καὶ</strong></span> <span class='ocrx_word' id='word_1_69' title='bbox 1169 1339 1329 1424; x_wconf 81' lang='grc' dir='ltr'><strong>κρυψίνους,</strong></span> <span class='ocrx_word' id='word_1_70' title='bbox 1354 1339 1428 1402; x_wconf 83' lang='grc' dir='ltr'>ὥστε</span> 
     </span>
    </p>
   </div>
   <div class='ocr_carea' id='block_1_4' title="bbox 163 1451 1429 1541">
    <p class='ocr_par' dir='ltr' id='par_1_4' title="bbox 163 1451 1429 1541">
     <span class='ocr_line' id='line_1_10' title="bbox 163 1451 1429 1541; baseline 0 -23"><span class='ocrx_word' id='word_1_71' title='bbox 163 1451 210 1540; x_wconf 78' lang='grc' dir='ltr'><strong>ἀφ’</strong></span> <span class='ocrx_word' id='word_1_72' title='bbox 239 1454 380 1539; x_wconf 81' lang='grc' dir='ltr'>ἑκατέρων</span> <span class='ocrx_word' id='word_1_73' title='bbox 403 1461 459 1518; x_wconf 87' lang='grc' dir='ltr'><strong>τῶν</strong></span> <span class='ocrx_word' id='word_1_74' title='bbox 482 1456 533 1540; x_wconf 83' lang='grc' dir='ltr'><strong>μὲν</strong></span> <span class='ocrx_word' id='word_1_75' title='bbox 556 1457 588 1518; x_wconf 82' lang='grc' dir='ltr'><strong>τὸ</strong></span> <span class='ocrx_word' id='word_1_76' title='bbox 611 1457 748 1539; x_wconf 81' lang='grc' dir='ltr'>προπετὲς</span> <span class='ocrx_word' id='word_1_77' title='bbox 769 1460 825 1518; x_wconf 87' lang='grc' dir='ltr'><strong>τῶν</strong></span> <span class='ocrx_word' id='word_1_78' title='bbox 853 1456 939 1519; x_wconf 83' lang='grc' dir='ltr'>δὲτὸ</span> <span class='ocrx_word' id='word_1_79' title='bbox 963 1455 1057 1520; x_wconf 84' lang='grc' dir='ltr'>δόλιον</span> <span class='ocrx_word' id='word_1_80' title='bbox 1081 1453 1168 1541; x_wconf 81' lang='grc' dir='ltr'>ἔχων,</span> <span class='ocrx_word' id='word_1_81' title='bbox 1195 1455 1291 1518; x_wconf 81' lang='grc' dir='ltr'>πολλὰ</span> <span class='ocrx_word' id='word_1_82' title='bbox 1313 1456 1364 1540; x_wconf 80' lang='grc' dir='ltr'><strong>μὲν</strong></span> <span class='ocrx_word' id='word_1_83' title='bbox 1388 1458 1429 1524; x_wconf 80' lang='grc' dir='ltr'><strong>ὥς</strong></span> 
     </span>
    </p>
   </div>
   <div class='ocr_carea' id='block_1_5' title="bbox 164 1571 1429 1655">
    <p class='ocr_par' dir='ltr' id='par_1_5' title="bbox 164 1571 1429 1655">
     <span class='ocr_line' id='line_1_11' title="bbox 164 1571 1429 1655; baseline 0.006 -22"><span class='ocrx_word' id='word_1_84' title='bbox 164 1571 289 1653; x_wconf 82' lang='grc' dir='ltr'>σκηπτὸς</span> <span class='ocrx_word' id='word_1_85' title='bbox 316 1571 404 1640; x_wconf 73' lang='grc' dir='ltr'>ὀξέως</span> <span class='ocrx_word' id='word_1_86' title='bbox 431 1571 572 1655; x_wconf 80' lang='grc' dir='ltr'>ἐμπίπτων</span> <span class='ocrx_word' id='word_1_87' title='bbox 606 1573 674 1634; x_wconf 82' lang='grc' dir='ltr'>τισὶν</span> <span class='ocrx_word' id='word_1_88' title='bbox 703 1573 884 1655; x_wconf 81' lang='grc' dir='ltr'>ἐλυμαίνετο,</span> <span class='ocrx_word' id='word_1_89' title='bbox 915 1572 1010 1636; x_wconf 82' lang='grc' dir='ltr'>πολλὰ</span> <span class='ocrx_word' id='word_1_90' title='bbox 1042 1573 1074 1635; x_wconf 78' lang='grc' dir='ltr'><strong>δὲ</strong></span> <span class='ocrx_word' id='word_1_91' title='bbox 1105 1573 1153 1636; x_wconf 87' lang='grc' dir='ltr'><strong>καὶ</strong></span> <span class='ocrx_word' id='word_1_92' title='bbox 1185 1572 1217 1634; x_wconf 87' lang='grc' dir='ltr'><strong>ἐκ</strong></span> <span class='ocrx_word' id='word_1_93' title='bbox 1246 1575 1429 1655; x_wconf 82' lang='grc' dir='ltr'>παρασκευῆς</span> 
     </span>
    </p>
   </div>
   <div class='ocr_carea' id='block_1_6' title="bbox 163 1672 1538 1773">
    <p class='ocr_par' dir='ltr' id='par_1_6' title="bbox 163 1672 1538 1773">
     <span class='ocr_line' id='line_1_12' title="bbox 163 1672 1538 1773; baseline -0.001 -22"><span class='ocrx_word' id='word_1_94' title='bbox 163 1688 354 1773; x_wconf 60' lang='grc' dir='ltr'>ἐκακούργεί*</span> <span class='ocrx_word' id='word_1_95' title='bbox 367 1685 403 1771; x_wconf 77' lang='lat'><strong>⁶).</strong></span> <span class='ocrx_word' id='word_1_96' title='bbox 450 1687 551 1771; x_wconf 82' lang='lat' dir='ltr'><strong>„Oum</strong></span> <span class='ocrx_word' id='word_1_97' title='bbox 568 1688 661 1754; x_wconf 83' lang='lat' dir='ltr'><strong>velut</strong></span> <span class='ocrx_word' id='word_1_98' title='bbox 683 1688 789 1755; x_wconf 85' lang='lat' dir='ltr'><strong>bestia</strong></span> <span class='ocrx_word' id='word_1_99' title='bbox 805 1706 894 1769; x_wconf 90' lang='lat' dir='ltr'><strong>spem</strong></span> <span class='ocrx_word' id='word_1_100' title='bbox 911 1687 1046 1770; x_wconf 90' lang='lat' dir='ltr'><strong>inclusa,</strong></span> <span class='ocrx_word' id='word_1_101' title='bbox 1069 1672 1155 1753; x_wconf 77' lang='lat' dir='ltr'><strong>nuno</strong></span> <span class='ocrx_word' id='word_1_102' title='bbox 1176 1687 1427 1769; x_wconf 89' lang='lat' dir='ltr'><strong>propinquorum</strong></span> <span class='ocrx_word' id='word_1_103' title='bbox 1535 1701 1538 1706; x_wconf 87' lang='lat'>·</span> 
     </span>
    </p>
   </div>
   <div class='ocr_carea' id='block_1_7' title="bbox 161 1802 1428 2928">
    <p class='ocr_par' dir='ltr' id='par_1_7' title="bbox 161 1802 1428 2928">
     <span class='ocr_line' id='line_1_13' title="bbox 163 1802 1426 1886; baseline -0.002 -17"><span class='ocrx_word' id='word_1_104' title='bbox 163 1805 353 1886; x_wconf 90' lang='lat' dir='ltr'><strong>sanguinem</strong></span> <span class='ocrx_word' id='word_1_105' title='bbox 392 1805 552 1870; x_wconf 84' lang='lat' dir='ltr'><strong>lamberet</strong></span> <span class='ocrx_word' id='word_1_106' title='bbox 589 1823 674 1869; x_wconf 86' lang='lat' dir='ltr'><strong>nunc</strong></span> <span class='ocrx_word' id='word_1_107' title='bbox 709 1824 744 1870; x_wconf 88' lang='lat' dir='ltr'><strong>se</strong></span> <span class='ocrx_word' id='word_1_108' title='bbox 778 1804 820 1869; x_wconf 88' lang='lat' dir='ltr'><strong>ad</strong></span> <span class='ocrx_word' id='word_1_109' title='bbox 855 1803 1107 1870; x_wconf 89' lang='lat' dir='ltr'><strong>clarissimorum</strong></span> <span class='ocrx_word' id='word_1_110' title='bbox 1142 1802 1261 1871; x_wconf 89' lang='lat' dir='ltr'><strong>civium</strong></span> <span class='ocrx_word' id='word_1_111' title='bbox 1297 1807 1426 1884; x_wconf 88' lang='lat' dir='ltr'><strong>strages</strong></span> 
     </span>
     <span class='ocr_line' id='line_1_14' title="bbox 164 1917 1428 2001; baseline -0.001 -16"><span class='ocrx_word' id='word_1_112' title='bbox 164 1918 346 1999; x_wconf 81' lang='lat' dir='ltr'><strong>caedesque</strong></span> <span class='ocrx_word' id='word_1_113' title='bbox 369 1921 542 2001; x_wconf 83' lang='lat' dir='ltr'><strong>proferret.</strong></span> <span class='ocrx_word' id='word_1_114' title='bbox 588 1917 858 1986; x_wconf 87' lang='lat' dir='ltr'><strong>Obversabantur</strong></span> <span class='ocrx_word' id='word_1_115' title='bbox 886 1919 1010 1984; x_wconf 84' lang='lat' dir='ltr'><strong>foribus</strong></span> <span class='ocrx_word' id='word_1_116' title='bbox 1042 1919 1215 1984; x_wconf 87' lang='lat' dir='ltr'><strong>horreret</strong></span> <span class='ocrx_word' id='word_1_117' title='bbox 1238 1917 1361 2000; x_wconf 91' lang='lat' dir='ltr'><strong>minae,</strong></span> <span class='ocrx_word' id='word_1_118' title='bbox 1393 1922 1428 1984; x_wconf 92' lang='lat' dir='ltr'><strong>et</strong></span> 
     </span>
     <span class='ocr_line' id='line_1_15' title="bbox 162 2032 1425 2115; baseline -0.001 -13"><span class='ocrx_word' id='word_1_119' title='bbox 162 2045 358 2115; x_wconf 80' lang='lat' dir='ltr'><strong>parmenus</strong></span> <span class='ocrx_word' id='word_1_120' title='bbox 388 2035 539 2101; x_wconf 86' lang='lat' dir='ltr'><strong>admissis</strong></span> <span class='ocrx_word' id='word_1_121' title='bbox 569 2041 603 2100; x_wconf 87' lang='lat' dir='ltr'><strong>et</strong></span> <span class='ocrx_word' id='word_1_122' title='bbox 630 2035 779 2101; x_wconf 86' lang='lat' dir='ltr'><strong>exclusis.</strong></span> <span class='ocrx_word' id='word_1_123' title='bbox 831 2032 887 2099; x_wconf 83' lang='lat' dir='ltr'><strong>Ad</strong></span> <span class='ocrx_word' id='word_1_124' title='bbox 918 2035 998 2099; x_wconf 92' lang='lat' dir='ltr'><strong>haec</strong></span> <span class='ocrx_word' id='word_1_125' title='bbox 1030 2033 1101 2115; x_wconf 91' lang='lat' dir='ltr'><strong>ipse</strong></span> <span class='ocrx_word' id='word_1_126' title='bbox 1131 2051 1256 2114; x_wconf 90' lang='lat' dir='ltr'><strong>quoque</strong></span> <span class='ocrx_word' id='word_1_127' title='bbox 1287 2033 1425 2114; x_wconf 85' lang='lat' dir='ltr'><strong>visuque</strong></span> 
     </span>
     <span class='ocr_line' id='line_1_16' title="bbox 163 2147 1426 2234; baseline 0 -18"><span class='ocrx_word' id='word_1_128' title='bbox 163 2150 339 2217; x_wconf 90' lang='lat' dir='ltr'><strong>terribilis:</strong></span> <span class='ocrx_word' id='word_1_129' title='bbox 376 2151 527 2232; x_wconf 90' lang='lat' dir='ltr'><strong>superbia</strong></span> <span class='ocrx_word' id='word_1_130' title='bbox 557 2149 591 2216; x_wconf 92' lang='lat' dir='ltr'><strong>in</strong></span> <span class='ocrx_word' id='word_1_131' title='bbox 623 2150 743 2234; x_wconf 84' lang='lat' dir='ltr'><strong>fronte,</strong></span> <span class='ocrx_word' id='word_1_132' title='bbox 779 2150 830 2217; x_wconf 90' lang='lat' dir='ltr'><strong>ira</strong></span> <span class='ocrx_word' id='word_1_133' title='bbox 857 2150 891 2214; x_wconf 90' lang='lat' dir='ltr'><strong>iu</strong></span> <span class='ocrx_word' id='word_1_134' title='bbox 922 2149 1038 2232; x_wconf 90' lang='lat' dir='ltr'><strong>oculis,</strong></span> <span class='ocrx_word' id='word_1_135' title='bbox 1067 2147 1226 2215; x_wconf 88' lang='lat' dir='ltr'><strong>femineus</strong></span> <span class='ocrx_word' id='word_1_136' title='bbox 1257 2149 1363 2230; x_wconf 90' lang='lat' dir='ltr'><strong>pallor</strong></span> <span class='ocrx_word' id='word_1_137' title='bbox 1392 2149 1426 2216; x_wconf 93' lang='lat' dir='ltr'><strong>in</strong></span> 
     </span>
     <span class='ocr_line' id='line_1_17' title="bbox 163 2264 1426 2348; baseline 0 -16"><span class='ocrx_word' id='word_1_138' title='bbox 163 2271 309 2348; x_wconf 79' lang='lat' dir='ltr'><strong>corpore,</strong></span> <span class='ocrx_word' id='word_1_139' title='bbox 334 2267 368 2332; x_wconf 91' lang='lat' dir='ltr'><strong>in</strong></span> <span class='ocrx_word' id='word_1_140' title='bbox 391 2284 445 2331; x_wconf 89' lang='lat' dir='ltr'><strong>ore</strong></span> <span class='ocrx_word' id='word_1_141' title='bbox 468 2266 670 2348; x_wconf 90' lang='lat' dir='ltr'><strong>impudentia</strong></span> <span class='ocrx_word' id='word_1_142' title='bbox 686 2265 788 2331; x_wconf 92' lang='lat' dir='ltr'><strong>multo</strong></span> <span class='ocrx_word' id='word_1_143' title='bbox 808 2267 926 2331; x_wconf 90' lang='lat' dir='ltr'><strong>rubore</strong></span> <span class='ocrx_word' id='word_1_144' title='bbox 951 2265 1080 2332; x_wconf 85' lang='lat' dir='ltr'><strong>suffusa.</strong></span> <span class='ocrx_word' id='word_1_145' title='bbox 1126 2264 1203 2332; x_wconf 91' lang='lat' dir='ltr'><strong>Non</strong></span> <span class='ocrx_word' id='word_1_146' title='bbox 1226 2265 1317 2332; x_wconf 87' lang='lat' dir='ltr'><strong>adire</strong></span> <span class='ocrx_word' id='word_1_147' title='bbox 1341 2266 1426 2346; x_wconf 90' lang='lat' dir='ltr'><strong>quis·</strong></span> 
     </span>
     <span class='ocr_line' id='line_1_18' title="bbox 163 2382 1426 2466; baseline 0.001 -19"><span class='ocrx_word' id='word_1_148' title='bbox 163 2400 269 2464; x_wconf 90' lang='lat' dir='ltr'><strong>quam,</strong></span> <span class='ocrx_word' id='word_1_149' title='bbox 302 2401 366 2448; x_wconf 87' lang='lat' dir='ltr'><strong>non</strong></span> <span class='ocrx_word' id='word_1_150' title='bbox 390 2382 511 2463; x_wconf 89' lang='lat' dir='ltr'><strong>alloqui</strong></span> <span class='ocrx_word' id='word_1_151' title='bbox 535 2382 689 2466; x_wconf 83' lang='lat' dir='ltr'><strong>audebat,</strong></span> <span class='ocrx_word' id='word_1_152' title='bbox 719 2383 871 2448; x_wconf 87' lang='lat' dir='ltr'><strong>tenebras</strong></span> <span class='ocrx_word' id='word_1_153' title='bbox 894 2401 1022 2462; x_wconf 90' lang='lat' dir='ltr'><strong>semper</strong></span> <span class='ocrx_word' id='word_1_154' title='bbox 1045 2386 1269 2462; x_wconf 87' lang='lat' dir='ltr'><strong>secretumque</strong></span> <span class='ocrx_word' id='word_1_155' title='bbox 1293 2385 1426 2464; x_wconf 89' lang='lat' dir='ltr'><strong>captan-</strong></span> 
     </span>
     <span class='ocr_line' id='line_1_19' title="bbox 164 2495 1426 2582; baseline 0 -19"><span class='ocrx_word' id='word_1_156' title='bbox 164 2502 242 2582; x_wconf 90' lang='lat' dir='ltr'><strong>tem,</strong></span> <span class='ocrx_word' id='word_1_157' title='bbox 267 2517 327 2565; x_wconf 89' lang='lat' dir='ltr'><strong>nec</strong></span> <span class='ocrx_word' id='word_1_158' title='bbox 350 2519 490 2580; x_wconf 89' lang='lat' dir='ltr'><strong>unquam</strong></span> <span class='ocrx_word' id='word_1_159' title='bbox 507 2519 548 2566; x_wconf 86' lang='lat' dir='ltr'><strong>ex</strong></span> <span class='ocrx_word' id='word_1_160' title='bbox 571 2499 746 2565; x_wconf 88' lang='lat' dir='ltr'><strong>solitudine</strong></span> <span class='ocrx_word' id='word_1_161' title='bbox 763 2517 822 2565; x_wconf 88' lang='lat' dir='ltr'><strong>sua</strong></span> <span class='ocrx_word' id='word_1_162' title='bbox 842 2497 1066 2582; x_wconf 88' lang='lat' dir='ltr'><strong>prodeuntem,</strong></span> <span class='ocrx_word' id='word_1_163' title='bbox 1090 2497 1153 2564; x_wconf 90' lang='lat' dir='ltr'><strong>nisi</strong></span> <span class='ocrx_word' id='word_1_164' title='bbox 1168 2503 1206 2562; x_wconf 90' lang='lat' dir='ltr'><strong>ut</strong></span> <span class='ocrx_word' id='word_1_165' title='bbox 1221 2495 1426 2572; x_wconf 88' lang='lat' dir='ltr'><strong>solitudinem</strong></span> 
     </span>
     <span class='ocr_line' id='line_1_20' title="bbox 161 2609 1424 2699; baseline 0 -21"><span class='ocrx_word' id='word_1_166' title='bbox 161 2612 308 2680; x_wconf 82' lang='lat' dir='ltr'><strong>iaceret“</strong></span> <span class='ocrx_word' id='word_1_167' title='bbox 320 2609 356 2699; x_wconf 84' lang='lat'><strong>⁷).</strong></span> <span class='ocrx_word' id='word_1_168' title='bbox 395 2615 449 2682; x_wconf 83' lang='lat' dir='ltr'><strong>Sic</strong></span> <span class='ocrx_word' id='word_1_169' title='bbox 466 2635 534 2681; x_wconf 88' lang='lat' dir='ltr'><strong>cum</strong></span> <span class='ocrx_word' id='word_1_170' title='bbox 553 2617 690 2698; x_wconf 88' lang='lat' dir='ltr'><strong>viveret,</strong></span> <span class='ocrx_word' id='word_1_171' title='bbox 716 2615 842 2681; x_wconf 91' lang='lat' dir='ltr'><strong>domum</strong></span> <span class='ocrx_word' id='word_1_172' title='bbox 859 2634 951 2682; x_wconf 90' lang='lat' dir='ltr'><strong>suam</strong></span> <span class='ocrx_word' id='word_1_173' title='bbox 967 2614 1174 2681; x_wconf 88' lang='lat' dir='ltr'><strong>multitudine</strong></span> <span class='ocrx_word' id='word_1_174' title='bbox 1189 2613 1424 2698; x_wconf 88' lang='lat' dir='ltr'><strong>libertinorum,</strong></span> 
     </span>
     <span class='ocr_line' id='line_1_21' title="bbox 165 2729 1426 2815; baseline 0 -21"><span class='ocrx_word' id='word_1_175' title='bbox 165 2729 352 2813; x_wconf 85' lang='lat' dir='ltr'><strong>amicorum,</strong></span> <span class='ocrx_word' id='word_1_176' title='bbox 392 2730 585 2814; x_wconf 89' lang='lat' dir='ltr'><strong>delatorum,</strong></span> <span class='ocrx_word' id='word_1_177' title='bbox 623 2731 685 2796; x_wconf 90' lang='lat' dir='ltr'><strong>hoc</strong></span> <span class='ocrx_word' id='word_1_178' title='bbox 722 2731 884 2796; x_wconf 91' lang='lat' dir='ltr'><strong>hominum</strong></span> <span class='ocrx_word' id='word_1_179' title='bbox 922 2750 1041 2814; x_wconf 84' lang='lat' dir='ltr'><strong>genere</strong></span> <span class='ocrx_word' id='word_1_180' title='bbox 1080 2729 1302 2815; x_wconf 87' lang='lat' dir='ltr'><strong>circumdedit,</strong></span> <span class='ocrx_word' id='word_1_181' title='bbox 1342 2729 1426 2812; x_wconf 91' lang='lat' dir='ltr'><strong>quod</strong></span> 
     </span>
     <span class='ocr_line' id='line_1_22' title="bbox 162 2842 1425 2928; baseline 0.002 -19"><span class='ocrx_word' id='word_1_182' title='bbox 162 2845 291 2924; x_wconf 91' lang='lat' dir='ltr'><strong>publico</strong></span> <span class='ocrx_word' id='word_1_183' title='bbox 348 2845 447 2910; x_wconf 88' lang='lat' dir='ltr'><strong>exitio</strong></span> <span class='ocrx_word' id='word_1_184' title='bbox 498 2849 663 2928; x_wconf 89' lang='lat' dir='ltr'><strong>repertum</strong></span> <span class='ocrx_word' id='word_1_185' title='bbox 718 2865 777 2928; x_wconf 89' lang='lat' dir='ltr'><strong>per</strong></span> <span class='ocrx_word' id='word_1_186' title='bbox 832 2845 980 2928; x_wconf 92' lang='lat' dir='ltr'><strong>praemia</strong></span> <span class='ocrx_word' id='word_1_187' title='bbox 1023 2842 1263 2928; x_wconf 82' lang='lat' dir='ltr'><strong>eliciebatur⁸).</strong></span> <span class='ocrx_word' id='word_1_188' title='bbox 1343 2845 1425 2912; x_wconf 80' lang='lat' dir='ltr'><strong>Tum</strong></span> 
     </span>
    </p>
   </div>
   <div class='ocr_carea' id='block_1_8' title="bbox 163 2967 268 2975">
    <p class='ocr_par' dir='ltr' id='par_1_8' title="bbox 163 2967 268 2975">
     <span class='ocr_line' id='line_1_23' title="bbox 163 2967 268 2975; baseline 0.01 -1"><span class='ocrx_word' id='word_1_189' title='bbox 163 2967 268 2975; x_wconf 81' lang='lat'><strong>—-.</strong></span> 
     </span>
    </p>
   </div>
   <div class='ocr_carea' id='block_1_9' title="bbox 162 3019 1425 4698">
    <p class='ocr_par' dir='ltr' id='par_1_9' title="bbox 269 3019 568 3089">
     <span class='ocr_line' id='line_1_24' title="bbox 269 3019 568 3089; baseline 0.007 -19"><span class='ocrx_word' id='word_1_190' title='bbox 269 3020 292 3084; x_wconf 88' lang='lat'><strong>¹)</strong></span> <span class='ocrx_word' id='word_1_191' title='bbox 319 3019 415 3088; x_wconf 72' lang='lat' dir='ltr'><strong>Imhol&#39;,</strong></span> <span class='ocrx_word' id='word_1_192' title='bbox 433 3037 458 3089; x_wconf 88' lang='lat' dir='ltr'><strong>p.</strong></span> <span class='ocrx_word' id='word_1_193' title='bbox 478 3019 512 3072; x_wconf 84' lang='lat'><strong>38</strong></span> <span class='ocrx_word' id='word_1_194' title='bbox 530 3035 568 3089; x_wconf 88' lang='lat' dir='ltr'><strong>sq.</strong></span> 
     </span>
    </p>

    <p class='ocr_par' dir='ltr' id='par_1_10' title="bbox 162 3109 1425 3267">
     <span class='ocr_line' id='line_1_25' title="bbox 269 3109 1425 3180; baseline 0.003 -20"><span class='ocrx_word' id='word_1_195' title='bbox 269 3109 293 3175; x_wconf 84' lang='lat'><strong>²)</strong></span> <span class='ocrx_word' id='word_1_196' title='bbox 321 3109 392 3160; x_wconf 82' lang='lat' dir='ltr'><strong>Suet.</strong></span> <span class='ocrx_word' id='word_1_197' title='bbox 411 3109 429 3160; x_wconf 96' lang='lat' dir='ltr'><strong>l.</strong></span> <span class='ocrx_word' id='word_1_198' title='bbox 453 3125 475 3160; x_wconf 89' lang='lat' dir='ltr'><strong>c.</strong></span> <span class='ocrx_word' id='word_1_199' title='bbox 501 3139 535 3148; x_wconf 87' lang='lat'><em>-</em></span> <span class='ocrx_word' id='word_1_200' title='bbox 558 3109 652 3178; x_wconf 90' lang='lat' dir='ltr'><strong>Zeller,</strong></span> <span class='ocrx_word' id='word_1_201' title='bbox 676 3110 724 3161; x_wconf 85' lang='lat' dir='ltr'><strong>Les</strong></span> <span class='ocrx_word' id='word_1_202' title='bbox 747 3124 902 3179; x_wconf 87' lang='lat' dir='ltr'><strong>empereurs</strong></span> <span class='ocrx_word' id='word_1_203' title='bbox 924 3111 1052 3180; x_wconf 86' lang='lat' dir='ltr'><strong>romains,</strong></span> <span class='ocrx_word' id='word_1_204' title='bbox 1077 3109 1222 3162; x_wconf 75' lang='lat' dir='ltr'><strong>caracteres</strong></span> <span class='ocrx_word' id='word_1_205' title='bbox 1246 3113 1273 3162; x_wconf 87' lang='lat' dir='ltr'><strong>et</strong></span> <span class='ocrx_word' id='word_1_206' title='bbox 1298 3112 1425 3180; x_wconf 85' lang='lat' dir='ltr'><strong>pertraits</strong></span> 
     </span>
     <span class='ocr_line' id='line_1_26' title="bbox 162 3196 768 3267; baseline 0.003 -19"><span class='ocrx_word' id='word_1_207' title='bbox 162 3196 334 3267; x_wconf 85' lang='lat' dir='ltr'><strong>historiques,</strong></span> <span class='ocrx_word' id='word_1_208' title='bbox 353 3198 369 3249; x_wconf 88' lang='grc'><strong><em>3</em></strong></span> <span class='ocrx_word' id='word_1_209' title='bbox 388 3196 428 3250; x_wconf 74' lang='lat' dir='ltr'><strong>ed,</strong></span> <span class='ocrx_word' id='word_1_210' title='bbox 463 3197 549 3267; x_wconf 88' lang='lat' dir='ltr'><strong>Paris,</strong></span> <span class='ocrx_word' id='word_1_211' title='bbox 567 3197 645 3266; x_wconf 85' lang='lat'><strong>1869,</strong></span> <span class='ocrx_word' id='word_1_212' title='bbox 664 3215 689 3267; x_wconf 93' lang='lat' dir='ltr'><strong>p.</strong></span> <span class='ocrx_word' id='word_1_213' title='bbox 708 3197 768 3250; x_wconf 88' lang='lat'>190.</span> 
     </span>
    </p>

    <p class='ocr_par' dir='ltr' id='par_1_11' title="bbox 268 3285 714 3357">
     <span class='ocr_line' id='line_1_27' title="bbox 268 3285 714 3357; baseline 0.004 -19"><span class='ocrx_word' id='word_1_214' title='bbox 268 3285 292 3352; x_wconf 80' lang='grc'><strong>3)</strong></span> <span class='ocrx_word' id='word_1_215' title='bbox 319 3287 402 3339; x_wconf 86' lang='lat' dir='ltr'><strong>Tacit.</strong></span> <span class='ocrx_word' id='word_1_216' title='bbox 421 3287 488 3357; x_wconf 86' lang='lat' dir='ltr'><strong>Agr.</strong></span> <span class='ocrx_word' id='word_1_217' title='bbox 507 3303 529 3338; x_wconf 92' lang='lat' dir='ltr'><strong>c.</strong></span> <span class='ocrx_word' id='word_1_218' title='bbox 548 3286 591 3357; x_wconf 83' lang='lat'><strong>39,</strong></span> <span class='ocrx_word' id='word_1_219' title='bbox 608 3287 652 3357; x_wconf 85' lang='lat'><strong>41,</strong></span> <span class='ocrx_word' id='word_1_220' title='bbox 670 3287 714 3342; x_wconf 88' lang='lat'><strong>42.</strong></span> 
     </span>
    </p>

    <p class='ocr_par' dir='ltr' id='par_1_12' title="bbox 163 3373 1425 4073">
     <span class='ocr_line' id='line_1_28' title="bbox 267 3373 1425 3447; baseline 0.001 -19"><span class='ocrx_word' id='word_1_221' title='bbox 267 3373 293 3441; x_wconf 77' lang='grc'><strong>4)</strong></span> <span class='ocrx_word' id='word_1_222' title='bbox 320 3377 444 3446; x_wconf 88' lang='lat' dir='ltr'><strong>Meiners,</strong></span> <span class='ocrx_word' id='word_1_223' title='bbox 463 3375 617 3429; x_wconf 83' lang='lat' dir='ltr'><strong>Geschichte</strong></span> <span class='ocrx_word' id='word_1_224' title='bbox 636 3377 681 3429; x_wconf 88' lang='lat' dir='ltr'><strong>des</strong></span> <span class='ocrx_word' id='word_1_225' title='bbox 700 3376 816 3430; x_wconf 86' lang='lat' dir='ltr'><strong>Verfells</strong></span> <span class='ocrx_word' id='word_1_226' title='bbox 839 3377 887 3429; x_wconf 88' lang='lat' dir='ltr'><strong>der</strong></span> <span class='ocrx_word' id='word_1_227' title='bbox 904 3378 1033 3447; x_wconf 74' lang='lat' dir='ltr'><strong>Liberat,</strong></span> <span class='ocrx_word' id='word_1_228' title='bbox 1057 3377 1104 3430; x_wconf 90' lang='lat' dir='ltr'><strong>der</strong></span> <span class='ocrx_word' id='word_1_229' title='bbox 1122 3377 1350 3430; x_wconf 82' lang='lat' dir='ltr'><strong>Wissenschetten</strong></span> <span class='ocrx_word' id='word_1_230' title='bbox 1369 3377 1425 3430; x_wconf 92' lang='lat' dir='ltr'><strong>und</strong></span> 
     </span>
     <span class='ocr_line' id='line_1_29' title="bbox 163 3465 1425 3537; baseline 0.001 -19"><span class='ocrx_word' id='word_1_231' title='bbox 163 3465 210 3518; x_wconf 88' lang='lat' dir='ltr'><strong>der</strong></span> <span class='ocrx_word' id='word_1_232' title='bbox 227 3465 342 3535; x_wconf 86' lang='lat' dir='ltr'><strong>Sprache</strong></span> <span class='ocrx_word' id='word_1_233' title='bbox 365 3467 412 3518; x_wconf 87' lang='lat' dir='ltr'><strong>der</strong></span> <span class='ocrx_word' id='word_1_234' title='bbox 435 3467 543 3537; x_wconf 83' lang='lat' dir='ltr'><strong>Rdmer,</strong></span> <span class='ocrx_word' id='word_1_235' title='bbox 561 3467 642 3518; x_wconf 89' lang='lat' dir='ltr'><strong>Wien</strong></span> <span class='ocrx_word' id='word_1_236' title='bbox 665 3467 723 3518; x_wconf 87' lang='lat' dir='ltr'><strong>und</strong></span> <span class='ocrx_word' id='word_1_237' title='bbox 749 3468 865 3536; x_wconf 85' lang='lat' dir='ltr'><strong>Leipzig,</strong></span> <span class='ocrx_word' id='word_1_238' title='bbox 893 3467 959 3519; x_wconf 80' lang='lat'>1791</span> <span class='ocrx_word' id='word_1_239' title='bbox 983 3484 1009 3536; x_wconf 87' lang='lat' dir='ltr'><strong>p.</strong></span> <span class='ocrx_word' id='word_1_240' title='bbox 1033 3465 1081 3519; x_wconf 79' lang='lat'><strong>84:</strong></span> <span class='ocrx_word' id='word_1_241' title='bbox 1112 3465 1252 3537; x_wconf 83' lang='lat' dir='ltr'><strong>„Caligula</strong></span> <span class='ocrx_word' id='word_1_242' title='bbox 1273 3467 1330 3519; x_wconf 88' lang='lat' dir='ltr'><strong>und</strong></span> <span class='ocrx_word' id='word_1_243' title='bbox 1353 3467 1425 3520; x_wconf 86' lang='lat' dir='ltr'><strong>Nero</strong></span> 
     </span>
     <span class='ocr_line' id='line_1_30' title="bbox 164 3555 1424 3626; baseline 0.002 -20"><span class='ocrx_word' id='word_1_244' title='bbox 164 3570 257 3608; x_wconf 87' lang='lat' dir='ltr'><strong>waren</strong></span> <span class='ocrx_word' id='word_1_245' title='bbox 281 3555 356 3607; x_wconf 89' lang='lat' dir='ltr'><strong>nicht</strong></span> <span class='ocrx_word' id='word_1_246' title='bbox 372 3558 493 3626; x_wconf 88' lang='lat' dir='ltr'><strong>weniger</strong></span> <span class='ocrx_word' id='word_1_247' title='bbox 516 3570 654 3626; x_wconf 81' lang='lat' dir='ltr'><strong>graneam,</strong></span> <span class='ocrx_word' id='word_1_248' title='bbox 678 3556 718 3608; x_wconf 89' lang='lat' dir='ltr'><strong>als</strong></span> <span class='ocrx_word' id='word_1_249' title='bbox 740 3555 888 3625; x_wconf 88' lang='lat' dir='ltr'><strong>Domitian,</strong></span> <span class='ocrx_word' id='word_1_250' title='bbox 912 3555 997 3608; x_wconf 86' lang='lat' dir='ltr'><strong>allein</strong></span> <span class='ocrx_word' id='word_1_251' title='bbox 1021 3557 1060 3607; x_wconf 88' lang='lat' dir='ltr'><strong>sie</strong></span> <span class='ocrx_word' id='word_1_252' title='bbox 1082 3571 1176 3608; x_wconf 87' lang='lat' dir='ltr'><strong>waren</strong></span> <span class='ocrx_word' id='word_1_253' title='bbox 1200 3559 1269 3610; x_wconf 79' lang='lat' dir='ltr'><strong>offen</strong></span> <span class='ocrx_word' id='word_1_254' title='bbox 1291 3559 1322 3608; x_wconf 89' lang='lat' dir='ltr'><strong>in</strong></span> <span class='ocrx_word' id='word_1_255' title='bbox 1346 3557 1424 3609; x_wconf 88' lang='lat' dir='ltr'><strong>ihren</strong></span> 
     </span>
     <span class='ocr_line' id='line_1_31' title="bbox 165 3641 1425 3716; baseline 0.002 -21"><span class='ocrx_word' id='word_1_256' title='bbox 165 3641 398 3715; x_wconf 83' lang='lat' dir='ltr'><strong>Grausamkeiten,</strong></span> <span class='ocrx_word' id='word_1_257' title='bbox 426 3648 479 3698; x_wconf 84' lang='lat' dir='ltr'><strong>wie</strong></span> <span class='ocrx_word' id='word_1_258' title='bbox 506 3647 536 3697; x_wconf 91' lang='lat' dir='ltr'><strong>in</strong></span> <span class='ocrx_word' id='word_1_259' title='bbox 563 3645 642 3697; x_wconf 89' lang='lat' dir='ltr'><strong>ihren</strong></span> <span class='ocrx_word' id='word_1_260' title='bbox 665 3645 941 3715; x_wconf 78' lang='lat' dir='ltr'><strong>Ausschweifungen3</strong></span> <span class='ocrx_word' id='word_1_261' title='bbox 973 3645 1114 3698; x_wconf 87' lang='lat' dir='ltr'><strong>Domitian</strong></span> <span class='ocrx_word' id='word_1_262' title='bbox 1137 3645 1273 3716; x_wconf 86' lang='lat' dir='ltr'><strong>hingegen</strong></span> <span class='ocrx_word' id='word_1_263' title='bbox 1295 3662 1354 3698; x_wconf 88' lang='lat' dir='ltr'><strong>war</strong></span> <span class='ocrx_word' id='word_1_264' title='bbox 1376 3662 1425 3698; x_wconf 90' lang='lat' dir='ltr'><strong>um</strong></span> 
     </span>
     <span class='ocr_line' id='line_1_32' title="bbox 166 3733 1424 3806; baseline 0.002 -21"><span class='ocrx_word' id='word_1_265' title='bbox 166 3733 238 3786; x_wconf 89' lang='lat' dir='ltr'><strong>desto</strong></span> <span class='ocrx_word' id='word_1_266' title='bbox 256 3734 426 3787; x_wconf 83' lang='lat' dir='ltr'><strong>furchtbarer</strong></span> <span class='ocrx_word' id='word_1_267' title='bbox 442 3735 499 3786; x_wconf 89' lang='lat' dir='ltr'><strong>und</strong></span> <span class='ocrx_word' id='word_1_268' title='bbox 518 3735 622 3805; x_wconf 88' lang='lat' dir='ltr'><strong>wilder,</strong></span> <span class='ocrx_word' id='word_1_269' title='bbox 643 3737 670 3803; x_wconf 88' lang='lat' dir='ltr'><strong>je</strong></span> <span class='ocrx_word' id='word_1_270' title='bbox 697 3734 879 3787; x_wconf 85' lang='lat' dir='ltr'><strong>freundlicher</strong></span> <span class='ocrx_word' id='word_1_271' title='bbox 903 3749 932 3786; x_wconf 88' lang='lat' dir='ltr'><strong>er</strong></span> <span class='ocrx_word' id='word_1_272' title='bbox 954 3734 1070 3787; x_wconf 86' lang='lat' dir='ltr'><strong>schien.“</strong></span> <span class='ocrx_word' id='word_1_273' title='bbox 1108 3735 1245 3805; x_wconf 88' lang='lat' dir='ltr'><strong>Weidner,</strong></span> <span class='ocrx_word' id='word_1_274' title='bbox 1267 3735 1301 3788; x_wconf 87' lang='lat' dir='ltr'><strong>ad</strong></span> <span class='ocrx_word' id='word_1_275' title='bbox 1318 3736 1424 3806; x_wconf 76' lang='lat' dir='ltr'><strong>iuven,</strong></span> 
     </span>
     <span class='ocr_line' id='line_1_33' title="bbox 164 3822 1425 3895; baseline 0.002 -21"><span class='ocrx_word' id='word_1_276' title='bbox 164 3839 189 3891; x_wconf 94' lang='lat' dir='ltr'><strong>p.</strong></span> <span class='ocrx_word' id='word_1_277' title='bbox 208 3822 254 3874; x_wconf 85' lang='lat'><strong>95:</strong></span> <span class='ocrx_word' id='word_1_278' title='bbox 284 3823 354 3890; x_wconf 84' lang='lat' dir='ltr'><strong>,Der</strong></span> <span class='ocrx_word' id='word_1_279' title='bbox 371 3823 450 3875; x_wconf 84' lang='lat' dir='ltr'><strong>letnte</strong></span> <span class='ocrx_word' id='word_1_280' title='bbox 474 3824 521 3876; x_wconf 89' lang='lat' dir='ltr'><strong>der</strong></span> <span class='ocrx_word' id='word_1_281' title='bbox 543 3825 650 3876; x_wconf 87' lang='lat' dir='ltr'><strong>Flavier</strong></span> <span class='ocrx_word' id='word_1_282' title='bbox 674 3839 733 3876; x_wconf 84' lang='lat' dir='ltr'><strong>war</strong></span> <span class='ocrx_word' id='word_1_283' title='bbox 755 3827 800 3877; x_wconf 87' lang='lat' dir='ltr'><strong>ein</strong></span> <span class='ocrx_word' id='word_1_284' title='bbox 822 3824 930 3894; x_wconf 86' lang='lat' dir='ltr'><strong>Feiger,</strong></span> <span class='ocrx_word' id='word_1_285' title='bbox 954 3823 1178 3895; x_wconf 86' lang='lat' dir='ltr'><strong>heuchlerischer,</strong></span> <span class='ocrx_word' id='word_1_286' title='bbox 1199 3824 1425 3877; x_wconf 77' lang='lat' dir='ltr'><strong>heimmokisoher</strong></span> 
     </span>
     <span class='ocr_line' id='line_1_34' title="bbox 164 3910 1425 3984; baseline 0.004 -23"><span class='ocrx_word' id='word_1_287' title='bbox 164 3910 320 3964; x_wconf 76' lang='lat' dir='ltr'><strong>Bisewicht.</strong></span> <span class='ocrx_word' id='word_1_288' title='bbox 356 3911 441 3964; x_wconf 88' lang='lat' dir='ltr'><strong>Unter</strong></span> <span class='ocrx_word' id='word_1_289' title='bbox 458 3912 516 3964; x_wconf 93' lang='lat' dir='ltr'><strong>ihm</strong></span> <span class='ocrx_word' id='word_1_290' title='bbox 533 3912 678 3982; x_wconf 80' lang='lat' dir='ltr'><strong>hcrrsclrte,</strong></span> <span class='ocrx_word' id='word_1_291' title='bbox 696 3914 749 3965; x_wconf 86' lang='lat' dir='ltr'><strong>wie</strong></span> <span class='ocrx_word' id='word_1_292' title='bbox 766 3913 874 3965; x_wconf 86' lang='lat' dir='ltr'><strong>Tacitus</strong></span> <span class='ocrx_word' id='word_1_293' title='bbox 892 3916 959 3984; x_wconf 86' lang='lat' dir='ltr'><strong>sagt,</strong></span> <span class='ocrx_word' id='word_1_294' title='bbox 978 3917 1107 3966; x_wconf 89' lang='lat' dir='ltr'><strong>stummes</strong></span> <span class='ocrx_word' id='word_1_295' title='bbox 1125 3911 1243 3984; x_wconf 85' lang='lat' dir='ltr'><strong>Grauen,</strong></span> <span class='ocrx_word' id='word_1_296' title='bbox 1262 3929 1291 3965; x_wconf 87' lang='lat' dir='ltr'><strong>er</strong></span> <span class='ocrx_word' id='word_1_297' title='bbox 1308 3914 1354 3984; x_wconf 89' lang='lat' dir='ltr'><strong>lag</strong></span> <span class='ocrx_word' id='word_1_298' title='bbox 1371 3917 1425 3966; x_wconf 88' lang='lat' dir='ltr'><strong>wie</strong></span> 
     </span>
     <span class='ocr_line' id='line_1_35' title="bbox 165 4001 1183 4073; baseline 0.005 -22"><span class='ocrx_word' id='word_1_299' title='bbox 165 4002 208 4052; x_wconf 91' lang='lat' dir='ltr'><strong>ein</strong></span> <span class='ocrx_word' id='word_1_300' title='bbox 225 4001 307 4070; x_wconf 86' lang='lat' dir='ltr'><strong>Tiger</strong></span> <span class='ocrx_word' id='word_1_301' title='bbox 325 4001 391 4054; x_wconf 86' lang='lat' dir='ltr'><strong>iiber</strong></span> <span class='ocrx_word' id='word_1_302' title='bbox 408 4003 483 4054; x_wconf 89' lang='lat' dir='ltr'><strong>einer</strong></span> <span class='ocrx_word' id='word_1_303' title='bbox 500 4001 719 4073; x_wconf 84' lang='lat' dir='ltr'><strong>halberwiirgtcn</strong></span> <span class='ocrx_word' id='word_1_304' title='bbox 731 4003 827 4054; x_wconf 90' lang='lat' dir='ltr'><strong>Welt.“</strong></span> <span class='ocrx_word' id='word_1_305' title='bbox 847 4003 985 4073; x_wconf 84' lang='lat' dir='ltr'><strong>-Peter,</strong></span> <span class='ocrx_word' id='word_1_306' title='bbox 1003 4004 1021 4056; x_wconf 93' lang='lat' dir='ltr'><strong>l.</strong></span> <span class='ocrx_word' id='word_1_307' title='bbox 1041 4003 1058 4056; x_wconf 94' lang='lat' dir='ltr'><strong>l.</strong></span> <span class='ocrx_word' id='word_1_308' title='bbox 1077 4020 1103 4072; x_wconf 91' lang='lat' dir='ltr'><strong>p.</strong></span> <span class='ocrx_word' id='word_1_309' title='bbox 1123 4003 1183 4056; x_wconf 84' lang='lat'>140.</span> 
     </span>
    </p>

    <p class='ocr_par' dir='ltr' id='par_1_13' title="bbox 269 4089 677 4156">
     <span class='ocr_line' id='line_1_36' title="bbox 269 4089 677 4156; baseline 0.01 -15"><span class='ocrx_word' id='word_1_310' title='bbox 269 4090 293 4156; x_wconf 75' lang='grc'><strong>5)</strong></span> <span class='ocrx_word' id='word_1_311' title='bbox 321 4089 359 4142; x_wconf 83' lang='lat' dir='ltr'><strong>Cf.</strong></span> <span class='ocrx_word' id='word_1_312' title='bbox 378 4091 449 4144; x_wconf 85' lang='lat' dir='ltr'><strong>Suet.</strong></span> <span class='ocrx_word' id='word_1_313' title='bbox 466 4091 545 4144; x_wconf 82' lang='lat' dir='ltr'><strong>Dom</strong></span> <span class='ocrx_word' id='word_1_314' title='bbox 564 4092 677 4145; x_wconf 81' lang='lat'>10-12.</span> 
     </span>
    </p>

    <p class='ocr_par' dir='ltr' id='par_1_14' title="bbox 269 4177 706 4250">
     <span class='ocr_line' id='line_1_37' title="bbox 269 4177 706 4250; baseline 0.005 -20"><span class='ocrx_word' id='word_1_315' title='bbox 269 4177 295 4245; x_wconf 78' lang='lat'><strong>⁶)</strong></span> <span class='ocrx_word' id='word_1_316' title='bbox 321 4178 373 4232; x_wconf 94' lang='lat' dir='ltr'><strong>Dio</strong></span> <span class='ocrx_word' id='word_1_317' title='bbox 391 4177 462 4232; x_wconf 80' lang='lat' dir='ltr'><strong>Osse.</strong></span> <span class='ocrx_word' id='word_1_318' title='bbox 481 4179 587 4250; x_wconf 85' lang='lat' dir='ltr'><strong>LXVII,</strong></span> <span class='ocrx_word' id='word_1_319' title='bbox 606 4180 630 4232; x_wconf 92' lang='lat'><strong>1.</strong></span> <span class='ocrx_word' id='word_1_320' title='bbox 649 4185 663 4246; x_wconf 85' lang='lat'>§</span> <span class='ocrx_word' id='word_1_321' title='bbox 681 4181 706 4232; x_wconf 93' lang='lat'><strong>1.</strong></span> 
     </span>
    </p>

    <p class='ocr_par' dir='ltr' id='par_1_15' title="bbox 269 4266 975 4340">
     <span class='ocr_line' id='line_1_38' title="bbox 269 4266 975 4340; baseline 0.003 -20"><span class='ocrx_word' id='word_1_322' title='bbox 269 4266 293 4335; x_wconf 78' lang='lat'><strong>⁷)</strong></span> <span class='ocrx_word' id='word_1_323' title='bbox 319 4269 399 4337; x_wconf 79' lang='lat' dir='ltr'><strong>Plin,</strong></span> <span class='ocrx_word' id='word_1_324' title='bbox 417 4269 516 4340; x_wconf 87' lang='lat' dir='ltr'><strong>Paneg.</strong></span> <span class='ocrx_word' id='word_1_325' title='bbox 535 4285 556 4320; x_wconf 91' lang='lat' dir='ltr'><strong>c.</strong></span> <span class='ocrx_word' id='word_1_326' title='bbox 575 4269 618 4322; x_wconf 87' lang='grc'><strong>48.</strong></span> <span class='ocrx_word' id='word_1_327' title='bbox 655 4269 693 4322; x_wconf 84' lang='lat' dir='ltr'><strong>cf.</strong></span> <span class='ocrx_word' id='word_1_328' title='bbox 712 4270 776 4323; x_wconf 90' lang='lat' dir='ltr'><strong>ibid.</strong></span> <span class='ocrx_word' id='word_1_329' title='bbox 796 4285 817 4322; x_wconf 93' lang='lat' dir='ltr'><strong>c.</strong></span> <span class='ocrx_word' id='word_1_330' title='bbox 836 4268 870 4322; x_wconf 87' lang='grc'><strong>49</strong></span> <span class='ocrx_word' id='word_1_331' title='bbox 889 4273 915 4322; x_wconf 87' lang='lat' dir='ltr'><strong>et</strong></span> <span class='ocrx_word' id='word_1_332' title='bbox 933 4270 975 4322; x_wconf 86' lang='grc'><strong>72.</strong></span> 
     </span>
    </p>

    <p class='ocr_par' dir='ltr' id='par_1_16' title="bbox 165 4355 1423 4698">
     <span class='ocr_line' id='line_1_39' title="bbox 269 4355 1423 4430; baseline 0.001 -21"><span class='ocrx_word' id='word_1_333' title='bbox 269 4355 293 4424; x_wconf 78' lang='grc' dir='ltr'><strong>Β)</strong></span> <span class='ocrx_word' id='word_1_334' title='bbox 321 4356 359 4409; x_wconf 85' lang='lat' dir='ltr'><strong>Of.</strong></span> <span class='ocrx_word' id='word_1_335' title='bbox 378 4358 439 4410; x_wconf 85' lang='lat' dir='ltr'><strong>Tac.</strong></span> <span class='ocrx_word' id='word_1_336' title='bbox 458 4357 540 4428; x_wconf 84' lang='lat' dir='ltr'><strong>Ann,</strong></span> <span class='ocrx_word' id='word_1_337' title='bbox 559 4359 605 4428; x_wconf 88' lang='lat' dir='ltr'><strong>IV,</strong></span> <span class='ocrx_word' id='word_1_338' title='bbox 624 4358 666 4411; x_wconf 86' lang='lat'><strong>30.</strong></span> <span class='ocrx_word' id='word_1_339' title='bbox 686 4391 720 4399; x_wconf 95' lang='lat'>—</span> <span class='ocrx_word' id='word_1_340' title='bbox 738 4359 832 4430; x_wconf 86' lang='lat' dir='ltr'><strong>Zeller,</strong></span> <span class='ocrx_word' id='word_1_341' title='bbox 854 4359 872 4411; x_wconf 91' lang='lat' dir='ltr'><strong>l.</strong></span> <span class='ocrx_word' id='word_1_342' title='bbox 897 4359 915 4412; x_wconf 91' lang='lat' dir='ltr'><strong>l.</strong></span> <span class='ocrx_word' id='word_1_343' title='bbox 933 4376 959 4430; x_wconf 91' lang='lat' dir='ltr'><strong>p.</strong></span> <span class='ocrx_word' id='word_1_344' title='bbox 984 4360 1050 4412; x_wconf 83' lang='lat'>195:</span> <span class='ocrx_word' id='word_1_345' title='bbox 1081 4359 1140 4426; x_wconf 88' lang='lat' dir='ltr'><strong>,Un</strong></span> <span class='ocrx_word' id='word_1_346' title='bbox 1164 4357 1259 4411; x_wconf 78' lang='lat' dir='ltr'><strong>reseau</strong></span> <span class='ocrx_word' id='word_1_347' title='bbox 1282 4357 1423 4428; x_wconf 73' lang='lat' dir='ltr'><strong>d&#39;espions,</strong></span> 
     </span>
     <span class='ocr_line' id='line_1_40' title="bbox 165 4445 1421 4518; baseline 0.001 -21"><span class='ocrx_word' id='word_1_348' title='bbox 165 4446 229 4499; x_wconf 86' lang='lat' dir='ltr'><strong>dont</strong></span> <span class='ocrx_word' id='word_1_349' title='bbox 246 4446 285 4498; x_wconf 90' lang='lat' dir='ltr'><strong>les</strong></span> <span class='ocrx_word' id='word_1_350' title='bbox 303 4445 437 4499; x_wconf 76' lang='lat' dir='ltr'><strong>delateurs</strong></span> <span class='ocrx_word' id='word_1_351' title='bbox 460 4447 492 4498; x_wconf 90' lang='lat' dir='ltr'><strong>de</strong></span> <span class='ocrx_word' id='word_1_352' title='bbox 514 4447 541 4498; x_wconf 90' lang='lat' dir='ltr'><strong>la</strong></span> <span class='ocrx_word' id='word_1_353' title='bbox 564 4463 629 4500; x_wconf 90' lang='lat' dir='ltr'><strong>cour</strong></span> <span class='ocrx_word' id='word_1_354' title='bbox 647 4450 765 4500; x_wconf 87' lang='lat' dir='ltr'><strong>tenaisnt</strong></span> <span class='ocrx_word' id='word_1_355' title='bbox 783 4449 822 4501; x_wconf 90' lang='lat' dir='ltr'><strong>les</strong></span> <span class='ocrx_word' id='word_1_356' title='bbox 846 4449 900 4518; x_wconf 84' lang='lat' dir='ltr'><strong>fils,</strong></span> <span class='ocrx_word' id='word_1_357' title='bbox 923 4451 1028 4502; x_wconf 83' lang='lat' dir='ltr'><strong>couvrit</strong></span> <span class='ocrx_word' id='word_1_358' title='bbox 1051 4449 1136 4501; x_wconf 83' lang='lat' dir='ltr'><strong>Rome</strong></span> <span class='ocrx_word' id='word_1_359' title='bbox 1161 4451 1187 4499; x_wconf 89' lang='lat' dir='ltr'><strong>et</strong></span> <span class='ocrx_word' id='word_1_360' title='bbox 1210 4451 1269 4500; x_wconf 90' lang='lat' dir='ltr'><strong>tout</strong></span> <span class='ocrx_word' id='word_1_361' title='bbox 1292 4448 1421 4515; x_wconf 88' lang='lat' dir='ltr'><strong>l’empire.</strong></span> 
     </span>
     <span class='ocr_line' id='line_1_41' title="bbox 165 4534 1420 4607; baseline 0 -21"><span class='ocrx_word' id='word_1_362' title='bbox 165 4534 206 4586; x_wconf 87' lang='lat' dir='ltr'><strong>On</strong></span> <span class='ocrx_word' id='word_1_363' title='bbox 223 4537 263 4586; x_wconf 84' lang='lat' dir='ltr'><strong>vit</strong></span> <span class='ocrx_word' id='word_1_364' title='bbox 279 4535 351 4588; x_wconf 90' lang='lat' dir='ltr'><strong>alors</strong></span> <span class='ocrx_word' id='word_1_365' title='bbox 368 4535 407 4588; x_wconf 87' lang='lat' dir='ltr'><strong>les</strong></span> <span class='ocrx_word' id='word_1_366' title='bbox 425 4535 555 4589; x_wconf 78' lang='lat' dir='ltr'><strong>delatione</strong></span> <span class='ocrx_word' id='word_1_367' title='bbox 573 4540 599 4588; x_wconf 85' lang='lat' dir='ltr'><strong>et</strong></span> <span class='ocrx_word' id='word_1_368' title='bbox 616 4537 655 4590; x_wconf 88' lang='lat' dir='ltr'><strong>les</strong></span> <span class='ocrx_word' id='word_1_369' title='bbox 673 4538 893 4591; x_wconf 82' lang='lat' dir='ltr'><strong>condemnatione</strong></span> <span class='ocrx_word' id='word_1_370' title='bbox 911 4553 939 4590; x_wconf 90' lang='lat' dir='ltr'><strong>se</strong></span> <span class='ocrx_word' id='word_1_371' title='bbox 956 4537 1107 4607; x_wconf 82' lang='lat' dir='ltr'><strong>multiplier</strong></span> <span class='ocrx_word' id='word_1_372' title='bbox 1125 4553 1229 4590; x_wconf 88' lang='lat' dir='ltr'><strong>comme</strong></span> <span class='ocrx_word' id='word_1_373' title='bbox 1247 4552 1309 4590; x_wconf 87' lang='lat' dir='ltr'><strong>sous</strong></span> <span class='ocrx_word' id='word_1_374' title='bbox 1325 4535 1420 4589; x_wconf 80' lang='lat' dir='ltr'><strong>Tibbre</strong></span> 
     </span>
     <span class='ocr_line' id='line_1_42' title="bbox 166 4623 1371 4698; baseline 0 -22"><span class='ocrx_word' id='word_1_375' title='bbox 166 4628 191 4676; x_wconf 88' lang='lat' dir='ltr'><strong>ct</strong></span> <span class='ocrx_word' id='word_1_376' title='bbox 207 4623 307 4696; x_wconf 74' lang='lat' dir='ltr'><strong>Neron,</strong></span> <span class='ocrx_word' id='word_1_377' title='bbox 326 4625 393 4677; x_wconf 87' lang='lat' dir='ltr'><strong>dans</strong></span> <span class='ocrx_word' id='word_1_378' title='bbox 411 4625 450 4678; x_wconf 90' lang='lat' dir='ltr'><strong>les</strong></span> <span class='ocrx_word' id='word_1_379' title='bbox 467 4628 608 4695; x_wconf 86' lang='lat' dir='ltr'><strong>provinces</strong></span> <span class='ocrx_word' id='word_1_380' title='bbox 626 4643 730 4680; x_wconf 89' lang='lat' dir='ltr'><strong>comme</strong></span> <span class='ocrx_word' id='word_1_381' title='bbox 747 4627 765 4680; x_wconf 80' lang='lat' dir='ltr'><strong>d</strong></span> <span class='ocrx_word' id='word_1_382' title='bbox 781 4628 891 4680; x_wconf 85' lang='lat' dir='ltr'><strong>Rome.“</strong></span> <span class='ocrx_word' id='word_1_383' title='bbox 912 4659 945 4668; x_wconf 92' lang='lat'><em>-</em></span> <span class='ocrx_word' id='word_1_384' title='bbox 962 4626 1060 4698; x_wconf 88' lang='lat' dir='ltr'><strong>lmhof,</strong></span> <span class='ocrx_word' id='word_1_385' title='bbox 1077 4627 1096 4679; x_wconf 92' lang='lat' dir='ltr'><strong>l.</strong></span> <span class='ocrx_word' id='word_1_386' title='bbox 1115 4627 1133 4679; x_wconf 89' lang='lat' dir='ltr'><strong>l.</strong></span> <span class='ocrx_word' id='word_1_387' title='bbox 1151 4643 1178 4696; x_wconf 89' lang='lat' dir='ltr'><strong>p.</strong></span> <span class='ocrx_word' id='word_1_388' title='bbox 1196 4625 1249 4678; x_wconf 86' lang='lat'><strong>112</strong></span> <span class='ocrx_word' id='word_1_389' title='bbox 1267 4625 1371 4677; x_wconf 80' lang='lat' dir='ltr'><strong>at127.</strong></span> 
     </span>
    </p>
   </div>
   <div class='ocr_carea' id='block_1_10' title="bbox 0 0 1622 4994">
    <p class='ocr_par' dir='ltr' id='par_1_17' title="bbox 0 0 1622 4994">
     <span class='ocr_line' id='line_1_43' title="bbox 0 0 1622 4994; baseline 0 0"><span class='ocrx_word' id='word_1_390' title='bbox 0 0 1622 4994; x_wconf 95' lang='lat' dir='ltr'><strong> </strong></span> 
     </span>
    </p>
   </div>
  </div>
 </body>
</html>
