3234 4994
815 405 997 468 59¹

198 614 375 682 Juvenalis
410 615 537 700 patria,
572 619 740 700 repertus
784 617 819 682 in
849 635 942 699 quem
969 615 1034 682 iam
1057 613 1240 698 Pinzgerus
1253 609 1276 697 ¹)
1305 618 1340 680 et
1362 615 1470 680 Baue-

198 751 256 798 rus
265 727 293 815 ²)
310 731 509 797 eruditorum
523 731 649 798 animos
663 736 905 798 converterunt.
942 731 1006 817 Qui
1023 729 1152 814 titulus,
1176 748 1281 811 nuper
1295 749 1315 796 a
1329 729 1469 795 Momm-

199 848 288 914 senio
304 847 540 929 supplementis
564 848 737 914 seoundum
763 847 949 914 litterarum
966 847 1124 930 quaedam
1149 845 1291 929 vestigia
1313 849 1373 911 aut
1395 863 1469 926 pro-

198 962 299 1029 babili
324 963 512 1030 conieotura
535 962 674 1030 adiectis
698 963 745 1030 sio
769 984 804 1031 se
827 961 977 1045 habet³):

639 1135 713 1182 cere
735 1116 796 1184 RI.
843 1115 1035 1183 SAORUM

567 1232 597 1297 d.
622 1231 779 1299 iuNIUS.
825 1228 1092 1300 JUVENALIS

454 1340 589 1430 tulba.
635 1345 739 1413 OOH.
763 1341 831 1430 1⁵).
877 1343 1219 1413 DELMATARUM

514 1463 562 1529 II.
609 1463 702 1531 VIR.
749 1461 866 1546 QUIN
868 1462 908 1548 Q.
955 1461 1159 1529 FLAMEN

612 1579 728 1645 DIVI.
774 1577 1060 1648 VESPASIANI

490 1781 493 1788 Ι
580 1694 726 1764 VOV1u
749 1693 1078 1775 DEDIOAVithEl

638 1808 730 1879 SVA
942 1809 1031 1875 Puo

199 1991 201 1996 v
308 1961 448 2028 Cererem
479 1963 665 2042 Heluinam,
702 1962 754 2028 eni
788 1966 1028 2028 monumentum
1061 1981 1189 2028 ssorum
1222 1961 1304 2043 fuit,
1340 1959 1467 2043 Aquini

199 2079 374 2160 praecipue
396 2078 516 2145 cultam
535 2098 606 2146 esse
621 2077 793 2144 luvenalis
808 2077 880 2160 ipse
896 2082 1039 2144 testatur
1050 2074 1087 2161 8).
1125 2077 1240 2144 Prima
1256 2079 1371 2145 cohors
1387 2077 1468 2144 Dal·

201 2200 378 2278 matarum,
404 2193 495 2261 cuins
519 2194 681 2276 praefecti
704 2199 739 2258 et
761 2193 884 2259 tribuni
905 2213 1002 2276 saepe
1015 2185 1270 2276 nominantur⁷),
1295 2189 1420 2259 stativa
1434 2191 1468 2257 in

203 2309 380 2376 Britannia
401 2311 476 2376 inde
493 2330 513 2376 a
529 2309 673 2376 Traiano
697 2331 798 2392 usque
821 2309 863 2377 ad
878 2309 1082 2377 Antoninum
1105 2309 1201 2376 Pium
1223 2309 1348 2392 habuit,
1373 2308 1467 2390 quod,

312 2626 334 2692 ¹)
353 2625 412 2678 Jen.
437 2627 519 2679 Liter.
544 2628 611 2679 Zeit.
634 2625 703 2678 1823
721 2627 756 2678 M
775 2625 817 2678 13.

308 2715 332 2780 2)
351 2715 490 2768 Kritisehe
509 2716 720 2785 Bemerkungen
739 2714 808 2766 iiber
827 2715 915 2784 einige
927 2714 1113 2767 Naehriehten
1132 2731 1182 2768 aus
1202 2715 1265 2767 dem
1283 2714 1373 2768 Leben
1387 2713 1468 2766 Juve-

202 2803 281 2872 nalis,
299 2803 489 2874 Regensburg,
509 2804 622 2874 18331).
641 2804 684 2857 28.

307 2909 332 2978 ³)
350 2913 524 2982 Inscription.
543 2928 620 2980 regn.
637 2913 753 2982 Neapol.
772 2913 849 2965 latin.
863 2914 981 2982 Lipsiae,
1000 2912 1077 2981 1852,
1096 2913 1143 2965 fol.
1162 2913 1197 2965 M
1215 2912 1294 2966 4312.
1331 2911 1370 2965 Gi.
1383 2913 1468 2964 Inser.

203 2998 287 3053 Orelli
305 3001 336 3054 M
354 3000 432 3054 3462.

306 3108 331 3176 ⁴)
352 3109 461 3175 „TRIR
479 3110 588 3161 videtur
606 3125 667 3162 esse
681 3111 839 3180 suppletum
859 3111 894 3163 ad
906 3112 1062 3163 litterarum
1074 3111 1200 3180 vestigia,
1220 3126 1282 3162 eum
1296 3109 1370 3177 quod
1388 3113 1469 3162 antea

201 3198 269 3268 legit
288 3198 374 3266 Capro
388 3198 474 3252 AGRI
491 3202 558 3252 item
579 3202 719 3253 contineat
736 3201 874 3254 elementa
891 3201 935 3255 RI.
974 3201 1051 3267 Quae
1070 3203 1173 3254 retinui
1193 3217 1284 3270 neque
1302 3201 1331 3252 in
1344 3199 1469 3252 PRAEF.

201 3291 331 3341 mutavi.“
368 3289 440 3342 Anu.
464 3290 589 3342 Momms.
1024 3301 1028 3310 ’

307 3396 331 3463 ⁵)
351 3398 434 3463 „Post
447 3396 526 3450 0011.
539 3413 671 3449 numerus
691 3400 781 3450 omitti
796 3413 851 3450 non
864 3399 964 3468 potuit,
983 3414 1046 3451 enm
1059 3398 1118 3451 coln.
1133 3398 1157 3450 V
1169 3398 1363 3452 Dalmatarum
1374 3400 1431 3450 iarn
1439 3400 1468 3450 in

201 3485 319 3538 honesta
342 3502 367 3555 q.
394 3487 419 3538 d.
438 3489 571 3539 missione
599 3487 763 3556 Vespasiani
791 3487 885 3554 (Oard.
914 3487 979 3557 dipl.
1004 3504 1031 3540 n.
1050 3488 1101 3554 Vl)
1129 3489 1296 3556 nominetur,
1322 3489 1469 3558 potuitque

201 3575 282 3627 facile
305 3578 395 3628 omitti
418 3568 446 3628 in
470 3580 595 3628 monstro
613 3575 662 3628 illo
681 3575 1008 3629 OOMTELNATATUM.
1046 3574 1150 3630 Cohors
1169 3579 1259 3646 prima
1276 3577 1469 3630 Dalmatarum

201 3680 264 3715 eum
283 3667 444 3733 saepissime
466 3667 623 3718 nominetur
648 3668 675 3717 et
698 3666 829 3718 facillime
853 3666 988 3718 exciderit
1005 3667 1027 3735 I,
1051 3667 1091 3719 eie
1115 3682 1199 3719 ausus
1225 3681 1287 3718 sum
1311 3666 1466 3736 supplere.“

202 3752 273 3806 Ann.
292 3755 418 3807 Momms.

306 3859 330 3928 ⁰)
351 3862 406 3916 Sat.
425 3863 472 3931 lll,
491 3861 643 3916 ste-321:
663 3902 669 3914 .
690 3902 695 3914 .
716 3905 722 3917 .
742 3878 825 3932 „ergo
844 3862 905 3915 vale
923 3864 1012 3915 nostri
1031 3877 1144 3931 memor,
1164 3866 1192 3914 et
1211 3864 1318 3932 quoties
1338 3867 1365 3915 te
1380 3864 1469 3916 Roma

202 3955 250 4003 tuo
269 3952 342 4003 refioi
360 3956 553 4020 properantem
576 3953 674 4005 reddet
692 3953 812 4021 Aquino,
831 3953 873 4004 Me
899 3967 1008 4021 quoque
1033 3953 1068 4005 ad
1090 3951 1237 4004 Helvinam
1270 3949 1397 4004 Cererem
1421 3968 1466 4004 ue·

202 4045 343 4109 atramque
356 4040 474 4092 Dianam
489 4039 623 4093 Converte
642 4039 792 4094 acumine
829 4039 868 4094 Oi.
887 4046 980 4094 annot.
993 4058 1084 4094 meam
1102 4045 1130 4095 in
1149 4044 1205 4095 Sat.
1222 4045 1320 4096 tertiae
1340 4043 1469 4112 editione,

200 4148 226 4201 p.
252 4130 298 4185 57:
337 4128 376 4196 „0
399 4137 548 4198 npoaanmta
567 4130 686 4199 Ilepepm
705 4131 856 4200 ,.Helvina“
880 4147 913 4183 ue
943 4147 1132 4201 ooxpannrooa
1160 4148 1304 4184 nunaunxn
1331 4135 1469 4186 nestorii.
1540 4137 1544 4150 '

202 4219 359 4273 Oxoniaors
386 4234 532 4284 sarapouao
559 4227 721 4289 paaynuera
751 4237 867 4289 nyseus,
894 4223 1142 4273 sannoraoaauunrli
1168 4237 1221 4273 naa
1248 4221 1354 4274 Fannia
1399 4222 1470 4292 Bpn·

200 4325 323 4362 nannnna
341 4325 546 4379 yruepnpaera,
564 4324 615 4361 nno
629 4316 714 4362 auara
725 4309 836 4362 Ananim
856 4325 1071 4375 eymeereoaauu
1090 4311 1152 4363 iona
1164 4311 1298 4364 Helvinus
1317 4327 1334 4362 n
1353 4327 1469 4364 eoram

199 4413 343 4467 ppeannxn
360 4415 500 4468 xpauoaa.
537 4398 610 4452 θτο11
634 4398 749 4468 Ilepepn
773 4398 913 4452 IOuenaua
937 4415 1094 4453 nooaurura
1118 4416 1286 4465 nouarum,
1309 4403 1470 4465 salpesaut

200 4503 238 4542 um
257 4486 394 4541 Auunno.“

308 4576 331 4648 ⁷)
350 4578 518 4654 Marquardt,
536 4577 643 4636 Handb.
664 4577 688 4633 d.
706 4577 786 4636 Riim.
804 4577 923 4635 Alterth.
943 4578 974 4629 Τ.
992 4578 1040 4651 III,
1058 4579 1088 4634 P.
1106 4578 1121 4630 2
1140 4595 1168 4650 p.
1187 4579 1247 4635 316.
