3234 4994
811 373 829 432 2

714 456 925 464 ,ι--ῄ-

290 578 342 643 De
365 578 489 662 ora'pine
511 578 652 644 omnium
670 579 784 645 harum
800 581 943 647 vitarum
959 581 1029 662 hoc,
1055 585 1092 645 ut
1108 580 1230 664 opinor,
1255 586 1345 648 recte
1363 581 1450 648 altir-

186 692 268 758 mari
283 699 401 776 potest,
426 713 482 760 eas
500 713 517 760 e
533 695 670 774 quodam
687 695 911 761 vetustissimo
930 695 1031 778 fonte,
1057 715 1118 775 quo
1135 715 1188 761 res
1204 696 1229 760 J
1233 696 1451 764 uvenalianae

185 809 443 892 continerentur,
467 829 551 876 nunc
575 810 753 894 deperdita,
771 811 904 878 fluxisse
922 831 1042 878 omnes.
1086 811 1323 895 Synnerbergii
1340 819 1451 878 autem

185 926 350 991 sententia
364 927 445 992 haec
462 932 512 991 est
531 927 668 1009 „omnia
686 946 768 1007 quae
786 927 828 993 ad
843 927 934 994 uitae
947 927 1122 994 luvenalis
1138 928 1289 993 notitiam
1307 929 1452 1010 pertine-

183 1046 267 1122 rent,
292 1040 395 1122 primo
412 1040 445 1106 in
463 1041 700 1123 antiquissimis
724 1043 966 1110 commentariis
983 1043 1025 1110 ad
1047 1043 1167 1110 satiras
1185 1043 1265 1126 eius,
1291 1043 1451 1126 imprimis

183 1156 321 1238 primam
338 1162 371 1223 et
391 1158 572 1240 septimam,
598 1157 736 1240 singulis
759 1159 840 1224 locis
865 1164 1023 1225 annotata
1045 1159 1162 1239 fuisse3
1190 1161 1274 1224 trade
1298 1179 1318 1225 a
1342 1166 1451 1243 poste-

183 1271 323 1338 rioribus
346 1273 570 1355 grammaticis
586 1279 621 1338 et
637 1273 824 1340 scholiastis
845 1275 984 1340 collecta
1007 1280 1105 1357 atqua
1129 1275 1163 1341 in
1186 1295 1285 1342 uanum
1310 1277 1451 1342 conflata

183 1387 341 1470 paulatim
357 1389 391 1454 in
401 1390 553 1472 vitarum,
567 1391 679 1470 quales
695 1409 779 1455 nunc
795 1391 961 1473 habemus,
972 1390 1094 1456 formas
1112 1389 1304 1458 transiisse“
1321 1388 1351 1475 ¹).
1371 1393 1468 1484 Alia

183 1504 349 1569 sententia
387 1510 438 1569 est
474 1504 635 1569 hominum
672 1504 932 1570 doctissimorum
971 1503 1181 1589 Franckii2),
1221 1506 1449 1591 Dueutzeri³),

183 1612 369 1701 Kempfii⁴),
384 1619 531 1686 Strackii
541 1614 577 1701 ⁵),
592 1621 646 1700 qui
663 1619 757 1685 fidem
772 1621 914 1685 vitarum
928 1622 1058 1688 elevare
1077 1622 1185 1688 conati
1199 1642 1255 1689 eas
1269 1645 1309 1690 ex
1321 1625 1451 1705 quibus-

183 1735 257 1798 dam
285 1735 427 1799 locorum
454 1733 783 1817 interpretationibus
809 1743 900 1801 ortas
926 1742 1122 1802 statuerunt.
1162 1739 1285 1804 Neutri
1308 1741 1451 1820 opinioni

182 1851 280 1932 plane
301 1849 455 1916 assentiri
474 1869 616 1932 possum.
652 1853 738 1917 Nam
755 1852 788 1916 in
802 1853 891 1935 vitis,
909 1872 991 1934 quae
1003 1871 1089 1919 nuno
1102 1858 1244 1936 exstant,
1262 1856 1348 1920 haud
1373 1875 1450 1921 raro

184 1965 341 2032 eiusnrodi
356 1965 545 2031 testimonia
561 1966 839 2048 deprehendimus,
857 1986 939 2048 quae
956 1970 1044 2034 nullo
1061 1969 1155 2034 modo
1175 1988 1215 2034 ex
1231 1972 1450 2035 annotationi-

182 2082 242 2147 bus
266 2080 308 2146 ad
331 2081 476 2163 singulos
500 2102 615 2148 versus
638 2084 720 2148 oriri
740 2085 895 2164 potuisse,
921 2084 1028 2163 quivis
1054 2086 1217 2151 concedet.
1271 2084 1450 2168 Quaenam

183 2196 286 2262 solum
312 2197 507 2262 coniecturis
531 2199 571 2262 dc
595 2198 721 2280 origine
748 2199 947 2280 singularum
973 2200 1126 2279 vitarum,
1152 2201 1330 2266 sedetiam
1355 2221 1449 2283 argu-

183 2312 301 2378 mentis
318 2331 358 2377 ex
373 2313 511 2378 historia
528 2317 739 2393 veterumque
757 2320 924 2378 auctorum
949 2314 1145 2380 testimoniis
1169 2316 1282 2397 petitis
1306 2335 1449 2394 compro-

182 2427 254 2494 bari
271 2429 505 2509 explanarique
522 2447 627 2510 posse,
653 2427 739 2492 infra
762 2429 954 2494 videbimus.
991 2429 1088 2494 Nunc
1104 2431 1165 2496 hoc
1182 2431 1326 2496 monebo.
1363 2432 1449 2497 Utut

183 2563 255 2611 sese
279 2565 331 2611 res
356 2547 394 2611 de
420 2545 544 2627 origiue
568 2545 769 2626 singularum
793 2546 934 2612 vitarum
964 2547 1077 2628 habet,
1109 2566 1172 2612 nou
1197 2554 1261 2630 est,
1293 2547 1376 2628 quod
1401 2547 1448 2612 eis

183 2681 307 2729 omnem
330 2662 425 2728 fidem
450 2661 744 2743 auctoritatemque
769 2664 971 2747 abrogemus,
996 2682 1068 2728 cnm
1089 2663 1359 2730 verisimillimum
1394 2664 1447 2745 sit,

181 2777 245 2843 iam
263 2776 338 2843 inde
355 2779 395 2843 ab
412 2775 557 2860 antiquis
582 2779 781 2859 temporibus
805 2779 834 2842 si
857 2779 962 2844 minus
986 2777 1135 2862 integras
1152 2779 1327 2845 Juvenalis
1348 2765 1446 2860 vitas,

183 2897 320 2957 atcerte
335 2894 453 2958 breves
471 2892 559 2959 vitae
575 2893 781 2958 narrationes
798 2894 976 2958 exstitisse.
996 2893 1110 2975 Atque
1126 2893 1306 2976 Strackius
1324 2894 1447 2958 nullam

182 3006 276 3071 fidem
301 3007 443 3072 vitarum
467 3013 583 3072 narrat
569 3008 710 3073 tionibus
727 3009 908 3074 habendam
926 3028 997 3073 esse
1015 3010 1175 3091 opinatus,
1202 3029 1256 3074 eas
1274 3009 1445 3088 aquodam

185 3122 333 3203 „homine
350 3120 583 3203 praepostero
613 3123 715 3203 script
713 3142 753 3187 as
770 3121 944 3205 censuit)
980 3122 1100 3189 Audio.
1148 3123 1198 3188 At
1225 3144 1296 3189 mea
1320 3124 1447 3202 quidem

183 3238 347 3302 sententia
374 3239 455 3302 haec
487 3243 553 3319 est,
590 3237 688 3303 etiam
721 3237 903 3319 „hominem
938 3236 1216 3320 p·'raeposterum
1254 3258 1326 3303 cum
1360 3239 1448 3305 vitas

183 3353 350 3436 scriberet,
375 3374 429 3419 res
453 3375 470 3419 e
494 3353 629 3434 quodam
652 3355 877 3434 antiquissimo
901 3354 1011 3419 libello
1036 3374 1121 3420 nunc
1145 3354 1307 3420 oblivione
1332 3357 1446 3421 obruto

182 3470 314 3534 haurire
338 3470 494 3552 potuisse.
543 3470 603 3536 Oui
626 3471 674 3535 rei
697 3470 853 3552 maximo,
878 3475 916 3535 ut
939 3470 1069 3552 opinor,
1095 3470 1285 3536 documento
1309 3473 1445 3552 primum

183 3590 259 3650 sunt
274 3586 416 3651 vitarum
438 3586 713 3668 narratiunculae,
738 3605 819 3667 quas
833 3585 891 3652 vix
908 3607 948 3652 ex
964 3586 1094 3669 ingenio
1112 3585 1282 3667 quisquanr
1300 3587 1446 3668 arripere

289 3831 311 3898 ¹]
339 3831 520 3901 Synnerberg,
533 3831 575 3884 De
588 3833 758 3902 temporibus
771 3835 842 3885 vitae
858 3835 1063 3902 carminumque
1077 3835 1110 3886 D.
1123 3834 1147 3888 J.
1157 3835 1174 3888 J
1178 3837 1309 3905 uvenalis,
1319 3835 1445 3903 Helsing·

181 3921 289 3988 lorsiac,
309 3919 379 3971 1866
397 3938 423 3989 p.
442 3919 467 3972 9.

288 4009 310 4076 ²]
339 4010 462 4061 Examen
483 4011 607 4061 criticum
626 4010 659 4064 D.
678 4010 702 4062 J.
720 4009 862 4062 luvenalis
882 4013 968 4080 vitae,
994 4012 1392 4082 Altonaeethipsiae,1820.
1412 4043 1446 4052 -

183 4097 313 4163 Quaestio
334 4099 421 4150 altera
441 4099 472 4150 de
492 4100 550 4150 vita
566 4099 717 4168 luvenalis,
736 4100 861 4169 Dorpati,
881 4100 958 4153 1827.

288 4185 311 4254 ³)
340 4188 416 4239 Neue
434 4187 528 4241 Jahrb.
549 4188 642 4257 Suppl.
662 4189 711 4240 Bd.
731 4188 767 4240 VI
785 4207 811 4258 p.
831 4188 979 4242 374-379.

286 4274 311 4342 ⁴¹]
339 4275 554 4330 Observationes
567 4279 595 4329 in
608 4277 624 4328 J
627 4278 749 4330 uvarialis
763 4278 870 4346 aliquot
882 4279 960 4332 locos
974 4281 1205 4349 interpretandos,
1220 4280 1349 4349 Berolini,
1368 4281 1445 4334 1843.

287 4364 310 4430 ⁵)
338 4365 379 4416 Dc
391 4365 407 4416 J
410 4366 533 4418 uvenalis
544 4367 636 4436 exilio,
645 4365 793 4419 Franksurt
802 4383 846 4420 am
857 4368 938 4439 Mein,
946 4367 1015 4420 1880
1026 4369 1200 4438 (Programm
1212 4369 1259 4422 des
1267 4353 1444 4435 Gymnasium

181 4453 395 4505 Fridericianum
414 4471 448 4506 nu
467 4455 617 4520 hanbach).

286 4541 310 4608 ⁰)
330 4543 371 4594 De
389 4543 532 4596 luvenalis
551 4545 644 4614 exilio,
663 4563 689 4616 p.
708 4545 750 4602 13.
