3234 4994
804 355 820 413 7

708 438 919 446 n———-—--

180 560 266 626 Nam
296 561 330 627 in
361 561 435 642 ipsa
462 561 629 628 Probiana
660 561 817 627 eiusmodi
848 562 932 627 vitia
966 566 1149 640 occurrunt,
1184 580 1266 641 quae
1298 563 1394 645 longe
1427 582 1447 628 a

181 695 263 743 sana
297 681 331 742 et
365 677 572 744 considerata
606 671 771 744 iudicandi
805 678 934 744 ratione
969 679 1083 742 abesse
1118 676 1303 744 videantur.
1370 676 1446 742 Hoc

181 793 273 860 vitae
296 793 369 858 finis
393 796 591 877 comprobat,
621 794 654 858 in
684 812 745 874 quo
774 799 870 861 vetus
899 793 1078 859 scholiasta
1105 812 1223 858 annum
1253 792 1344 858 exilii
1375 813 1446 859 cum

181 928 275 992 anno,
302 928 362 989 quo
386 909 561 976 luvenalis
586 929 768 990 supremum
794 909 921 975 obierat
944 909 1038 990 diem,
1057 907 1212 975 confudit.
1257 909 1325 974 Hic
1344 928 1445 990 error,

91 1035 107 1058 ⁸
179 1025 219 1090 de
243 1044 305 1106 quo
329 1024 416 1091 infra
438 1025 569 1091 uberius
593 1025 746 1099 dicemus,
770 1024 855 1107 inde,
881 1025 945 1090 nisi
975 1044 1027 1090 me
1056 1023 1164 1088 omnia
1192 1023 1323 1105 fallunt,
1354 1030 1446 1089 ortus

179 1146 241 1223 est,
266 1141 350 1222 quod
375 1160 500 1223 versus,
524 1146 659 1222 propter
682 1159 762 1222 quos
786 1145 884 1222 poeta
907 1140 941 1205 in
966 1139 1098 1206 exilium
1122 1139 1242 1204 missus
1267 1144 1349 1221 erat,
1374 1160 1445 1221 per·

178 1275 291 1338 peram
315 1257 356 1323 ad
379 1256 572 1324 histrionem
596 1256 753 1338 ignotum,
779 1255 833 1336 qui
856 1261 985 1336 „erott
984 1277 1047 1321 nac
1068 1253 1098 1334 (?
1098 1255 1145 1325 )
1131 1277 1170 1321 ιιι
1189 1256 1306 1322 delicias
1321 1255 1444 1336 coloc‘,

178 1371 270 1439 vitae
305 1378 420 1438 auctor
453 1367 632 1455 rettulit¹)
692 1371 796 1456 Quam
832 1373 872 1438 ob
905 1391 1027 1437 remi
1007 1372 1068 1436 hoc
1103 1390 1295 1453 persuasum
1330 1373 1443 1454 habeo,

178 1493 324 1553 veterem
363 1487 520 1554 scholiast
506 1494 583 1570 t,am
619 1507 705 1553 cum
727 1488 873 1554 ultimam
911 1488 1002 1554 vitae
1041 1494 1178 1570 partem,
1217 1507 1299 1569 quae
1335 1489 1445 1554 verbis

178 1607 307 1684 „erott
306 1624 433 1670 aac-
458 1603 636 1669 tcadenffl
575 1609 613 1668 tas
659 1603 856 1685 continetur,
882 1603 1052 1686 scriberet,
1077 1609 1135 1669 aut
1162 1604 1306 1670 libellum
1335 1623 1446 1671 ncces-

178 1719 299 1785 sarium
324 1719 366 1784 ad
395 1738 521 1784 manum
549 1739 612 1785 non
641 1720 803 1801 habuisse,
833 1724 891 1784 aut
919 1719 1041 1784 hunc
1032 1739 1137 1800 1psum
1166 1719 1311 1784 libellum
1340 1720 1445 1786 minus

177 1841 268 1901 recte
306 1833 516 1900 consuluisse.
571 1835 685 1900 Prima
724 1853 802 1902 vero
841 1855 918 1915 pars
957 1835 1048 1902 vitae
1086 1854 1150 1900 non
1189 1835 1292 1902 solum
1332 1835 1444 1902 ordine

179 1951 379 2018 narrationis
404 1949 523 2016 ceteris
547 1951 627 2017 satis
651 1955 810 2033 praestat,
836 1950 891 2016 sed
917 1951 1017 2016 etiam
1041 1950 1103 2016 fide
1133 1969 1250 2034 rerum,
1281 1969 1364 2032 quae
1391 1953 1445 2019 vel

178 2072 294 2146 poetae
317 2066 427 2133 verbis
454 2067 507 2133 vel
530 2065 729 2132 testimoniis
758 2065 890 2134 aliunde
921 2066 1101 2147 desumptis
1131 2065 1212 2132 satis
1243 2067 1445 2148 comprobari

175 2187 322 2262 possunt.

281 2297 424 2379 Propius
448 2299 490 2364 ad
513 2298 712 2364 Probianam
735 2300 900 2366 brevitate
925 2305 1024 2380 atque
1049 2298 1162 2364 ordine
1185 2317 1294 2364 rerum
1318 2300 1445 2380 exposi-

177 2419 284 2480 tarum
309 2415 380 2481 vita
402 2414 530 2481 accedit
552 2420 679 2496 quarta,
704 2434 799 2496 quam
824 2415 1005 2496 Rupertius
1030 2435 1048 2480 e
1072 2415 1183 2480 codice
1206 2414 1443 2495 Kulenkampii

177 2529 291 2597 edidit.
339 2529 430 2614 Quae
455 2532 535 2598 adeo
560 2531 762 2597 aProbiana
785 2532 950 2614 abhorret,
975 2536 1013 2596 ut
1036 2551 1077 2597 ex
1099 2531 1163 2596 alio
1187 2529 1277 2596 fonte
1293 2549 1444 2598 manasse

176 2645 337 2713 videatur.
376 2648 453 2714 Huc
467 2647 590 2713 indicia
607 2648 647 2713 de
664 2647 776 2728 patria
792 2647 969 2714 luvenalis
981 2641 1018 2730 ²),
1042 2647 1081 2712 de
1097 2652 1242 2727 tempore
1260 2651 1294 2711 et
1310 2653 1444 2713 auctore

177 2763 246 2829 eius
278 2761 426 2846 exilii³),
468 2765 507 2829 de
537 2763 649 2830 satiris
679 2771 797 2844 poetae
809 2757 853 2845 ⁴),
891 2764 930 2829 dc
961 2763 1173 2846 imperatore,
1210 2782 1272 2844 quo
1301 2764 1445 2830 decessit

176 2879 354 2947 Juvenalis
371 2875 407 2962 ⁵),
432 2879 608 2961 pertinent.
655 2878 926 2962 Synnerbergius,
952 2878 1111 2962 originem
1135 2879 1277 2945 omnium
1301 2881 1442 2947 vitarum

176 2994 217 3060 ad
233 2995 431 3061 Probianam
449 2995 643 3077 detorquere
664 3000 809 3078 conatus,
834 2993 1156 3075 Kulenkampianam
1179 2995 1221 3061 ad
1243 3013 1442 3060 communem

283 3188 305 3256 ¹)
335 3189 398 3240 Vita
420 3188 514 3241 Proh:
553 3204 719 3258 „paucorum
744 3204 875 3241 versuum
901 3193 994 3254 satyra
1015 3203 1070 3240 non
1095 3188 1214 3241 absurde
1238 3190 1392 3256 composita
1414 3190 1443 3239 in

175 3278 300 3330 Paridem
331 3279 532 3347 pantomimum
562 3283 727 3347 poetamque
764 3279 962 3332 semenstribus
997 3278 1131 3330 militiolis
1164 3280 1324 3329 emicantem
1354 3293 1442 3346 genus

176 3370 329 3436 scripturae
352 3368 488 3420 industrio
508 3368 644 3436 excoluit,
673 3371 701 3420 et
719 3371 813 3420 tamen
832 3368 901 3420 hene
927 3367 973 3419 diu
991 3383 1025 3419 ne
1043 3367 1151 3419 modico
1176 3367 1287 3434 quidem
1305 3367 1441 3420 auditorio

177 3459 321 3525 quicquam
342 3459 513 3510 committere
533 3462 576 3508 eet
595 3472 691 3526 ausus,
716 3472 784 3509 mox
801 3473 903 3526 magna
921 3457 1076 3523 frequentia
1098 3459 1232 3523 tantoque
1251 3469 1381 3508 successu
1399 3456 1442 3509 bis

177 3550 224 3597 aut
242 3551 283 3598 ter
302 3547 412 3598 auditus
432 3551 486 3614 eet,
511 3551 542 3598 ut
562 3562 595 3598 ea
614 3561 722 3614 quoque
742 3561 811 3613 quae
829 3547 919 3614 prima
943 3547 1046 3596 fecerat
1063 3545 1202 3596 iniereirct
1220 3547 1298 3597 novis
1318 3547 1441 3614 scriptis:

178 3635 266 3703 „quod
285 3651 339 3687 non
359 3636 426 3687 dant
448 3651 589 3705 procerae,
615 3636 692 3689 dabit
710 3634 821 3687 histrio:
848 3639 878 3686 tu
903 3633 1062 3686 Camerinos
1082 3638 1109 3686 et
1128 3634 1239 3702 Bareas,
1258 3638 1289 3686 tu
1307 3635 1440 3688 nobilium

175 3739 276 3791 magna
302 3726 371 3775 atria
396 3727 494 3776 ouras?
527 3725 681 3793 praefectos
704 3725 825 3793 Pelopea
848 3724 925 3792 lacit,
948 3723 1103 3776 Philomela
1121 3723 1272 3779 tribunos.“
1298 3728 1358 3775 erat
1376 3728 1441 3775 tunc

175 3814 203 3863 in
223 3813 327 3864 deliciis
347 3813 438 3882 aulae,
466 3814 601 3881 multique
619 3815 759 3866 lautorum
784 3815 843 3864 eius
864 3813 999 3881 quottidie
1016 3812 1253 3882 provehebantur.
1276 3814 1352 3864 venit
1375 3827 1440 3880 ergo

174 3901 316 3954 luvenalis
334 3903 362 3953 in
382 3904 577 3972 suspicionem,
597 3905 676 3971 quasi
695 3907 819 3971 tempora
837 3904 925 3970 figura
943 3906 1076 3964 notasset,
1090 3903 1229 3954 aestatim
1246 3901 1441 3972 perhonorem

175 3991 290 4043 militiae
304 4005 471 4058 quamquam
485 3994 678 4060 octogenarius
691 3992 759 4045 urbe
778 3996 932 4044 summotus
947 3995 990 4042 est
1008 3992 1165 4058 missusque
1184 3991 1219 4044 ad
1239 3992 1441 4060 praefecturam

176 4079 295 4132 cohortis
314 4081 342 4132 in
362 4085 511 4132 extremam
529 4081 649 4151 Aegypti
666 4085 775 4150 partem
793 4081 956 4133 tendentis.“

280 4169 303 4235 ²)
333 4185 386 4234 „ex
403 4171 553 4238 municipio
572 4171 728 4239 Aquinati.“

279 4254 302 4324 ³)
333 4260 480 4324 „extremis
507 4259 659 4311 Domitiani
688 4261 858 4328 temporibus
892 4262 993 4313 missus
1025 4261 1054 4312 in
1087 4259 1200 4312 exilium
1235 4263 1365 4328 expertus
1398 4261 1442 4309 est

94 4339 99 4358 ⁸
177 4352 308 4415 quantum
326 4349 408 4400 unius
427 4348 569 4400 histrionis
587 4350 629 4400 ira
646 4350 775 4402 valeret.“

278 4435 302 4503 ⁴)
332 4439 376 4503 „in
396 4438 480 4490 exilio
500 4437 642 4508 ampliavit
661 4444 767 4505 satyras
786 4444 814 4491 et
831 4440 963 4509 pleraque
982 4441 1123 4492 mutavit.“

280 4524 303 4591 ⁵]
333 4525 469 4592 „decessit
487 4527 571 4596 longo
592 4527 668 4579 senio
689 4529 828 4580 confectus
848 4529 913 4580 exul
932 4527 1073 4580 Antonino
1092 4528 1140 4580 Pio
1159 4528 1349 4598 imperatore.“
