3234 4994
792 405 811 466 9

168 613 330 681 rationem
353 614 386 679 in
410 614 460 680 bis
483 614 563 680 vitis
587 614 804 680 diiudicandis
827 634 886 680 nos
914 611 1145 680 deducerent.“
1162 609 1187 696 ¹)
1232 615 1281 680 Ut
1303 631 1372 678 rem
1396 611 1436 676 de

168 731 230 797 hac
253 729 325 796 vita
348 730 526 810 absolvam,
563 731 624 796 boo
660 731 851 796 monendum
874 735 963 812 puto.
1009 730 1063 797 Ne
1095 731 1157 795 hoc
1192 729 1319 810 quidem
1343 729 1438 794 testi·

170 845 319 927 monium,
354 847 413 926 ‚aa
445 846 537 910 callio
567 847 731 928 ourplr'ooo't
757 851 881 929 satyros
907 851 938 911 ei
952 847 1105 928 pleraque
1138 845 1280 924 mutarat,
1315 843 1437 910 iuveti-

171 966 283 1042 turqoa
304 962 341 1026 iu
363 962 482 1027 moeres
504 961 717 1042 Domitiani“,
753 961 831 1027 mihi
865 961 1110 1043 improbandum
1147 959 1288 1026 videtur.
1347 959 1433 1026 Nam

169 1075 381 1143 fundamenta
415 1078 589 1144 satirarum
615 1077 680 1143 iam
707 1077 890 1144 Domitiani
925 1077 1124 1160 temporibus
1160 1076 1250 1143 iacta
1284 1071 1434 1160 erant²)‚

169 1199 369 1276 quapropter
403 1194 482 1259 nihil
518 1194 642 1276 mirum,
682 1194 710 1259 si
749 1176 934 1276 Juvenalis,
974 1195 1122 1274 exemplo
1157 1193 1310 1260 Caesaris
1348 1192 1437 1258 inter

169 1312 318 1376 tubarum
344 1311 482 1376 sonitum
502 1310 751 1376 commentarios
775 1311 948 1376 scribentis
963 1305 998 1392 ³),
1024 1309 1056 1374 in
1082 1309 1180 1375 exilio
1205 1309 1317 1375 satiris
1341 1308 1437 1374 confi·

171 1424 296 1491 ciendis
320 1426 602 1506 perpoliendisque
627 1444 758 1506 operam
783 1424 883 1490 dedit.
945 1424 1088 1492 Videtur
1116 1432 1224 1490 tamen
1259 1423 1437 1490 luvenalis

169 1543 279 1623 potius
302 1541 336 1606 in
360 1540 546 1622 Britannia,
583 1560 655 1605 eum
679 1540 724 1605 ibi
752 1541 917 1622 stipendia
951 1546 1093 1607 mereret
1104 1534 1142 1622 ⁴¹),
1179 1559 1273 1621 quarn
1297 1539 1330 1604 in
1354 1539 1437 1604 rele-

169 1659 301 1743 gatione
325 1658 534 1741 Aegyptiace
560 1662 707 1740 „satyrus
729 1657 927 1740 ampliasse.“

275 1775 315 1840 In
338 1773 411 1840 vita
425 1772 599 1856 Vossiana,
625 1774 665 1839 ab
681 1772 849 1838 Henninio
872 1771 971 1855 edita,
996 1792 1090 1853 quarn
1114 1792 1155 1837 ex
1179 1773 1253 1839 vita
1268 1773 1437 1838 Probiana

169 1908 357 1972 expressam
370 1909 409 1954 ac
420 1888 592 1953 dilatatam
605 1888 809 1953 affirmarunt
818 1882 1047 1970 Franckius⁵),
1065 1887 1101 1954 O.
1110 1888 1166 1955 Fr.
1175 1889 1386 1954 Hermannus
1398 1885 1434 1969 θ),

170 2005 430 2089 Synnerbergius
444 1998 482 2086 ⁷),
508 2004 680 2071 Strackius
694 2000 729 2087 ⁸),
753 2003 897 2087 vestigia
914 2003 1069 2086 antiquae
1084 2005 1285 2071 narrationis
1309 2005 1437 2070 duabus

169 2122 202 2187 in
225 2123 322 2188 rebus
345 2120 601 2202 perspiciuntur:
626 2119 763 2201 primurn
787 2121 1005 2202 intempore,
1045 2139 1107 2201 quo
1139 2121 1316 2187 Juvenalis
1339 2126 1437 2187 natus

170 2242 230 2319 est,
255 2236 436 2302 definiendo
450 2234 486 2320 ⁹),
512 2242 579 2301 tum
603 2236 635 2300 in
652 2237 723 2300 loeo
747 2237 802 2300 ubi
817 2235 858 2300 de
880 2239 979 2316 poeta
995 2235 1132 2302 Romam
1149 2242 1224 2317 post
1239 2235 1370 2301 exilium
1388 2255 1437 2302 re-

169 2371 265 2419 verso
282 2348 485 2437 traditur¹⁰).
527 2351 580 2418 De
593 2351 771 2418 iuvenalis
784 2370 867 2418 anno
880 2351 985 2419 natali
1010 2351 1097 2417 inira
1110 2351 1303 2418 videbimus.
1345 2350 1437 2436 Quae

169 2487 248 2534 vero
272 2468 312 2534 de
327 2473 445 2550 poetae
459 2466 569 2533 reditu
592 2467 625 2532 in
641 2466 713 2534 vita
728 2468 892 2550 leguntur,
917 2466 982 2532 iam
1006 2467 1109 2548 primo
1126 2472 1262 2548 aspectu
1279 2467 1437 2532 eiusmodi

169 2583 332 2668 videntur,
368 2591 405 2649 ut
427 2589 582 2663 tanquam
606 2602 647 2647 ex
671 2581 810 2648 arbitrio
832 2581 912 2647 ficta
942 2582 1060 2647 merito
1092 2583 1125 2647 in
1156 2582 1289 2648 dubium
1324 2583 1438 2648 vocari

170 2706 343 2780 nequeant.
390 2698 483 2784 Quod
508 2696 638 2778 quidem
655 2695 882 2777 antiquissimo
905 2697 972 2778 illo,
996 2702 1034 2761 ut
1057 2697 1183 2779 opinor,
1209 2698 1300 2765 vitae
1313 2699 1438 2764 Donati

170 2815 369 2898 testimonio,
392 2815 427 2880 in
450 2833 511 2896 qno
535 2814 575 2879 de
587 2813 748 2879 Martiale
764 2813 870 2877 Roma
886 2811 962 2877 circ.
981 2817 1022 2877 98
1046 2831 1077 2893 p.
1096 2812 1173 2879 Chr.
1198 2833 1271 2880 ann.
1289 2815 1438 2880 Bilbilim

169 2950 301 2998 reverso
320 2926 520 3012 traditur¹¹),
538 2934 615 3011 apte
633 2927 850 2994 confirmatur.
889 2929 944 2993 Ex
960 2928 1127 2994 sententia
1141 2927 1377 3014 Synnerbergii
1387 2925 1437 3014 ¹²),

170 3047 222 3118 λὰξ
245 3049 293 3111 καὶ
316 3047 384 3117 ὀδάξ
408 3046 514 3111 omnia
538 3047 597 3112 sub
612 3043 803 3111 Domitiano
828 3043 919 3108 exilii
935 3043 1152 3110 Juvenaliani
1168 3045 1312 3129 vestigia
1328 3047 1438 3113 delere

170 3163 337 3245 conantis,
375 3161 464 3228 vitae
488 3162 612 3227 Donati
639 3162 743 3228 verba
772 3161 923 3241 „troadem
951 3195 992 3204 -
1016 3159 1156 3226 ordmet‘
1186 3161 1351 3242 posterius
1383 3161 1439 3228 ad·

170 3278 248 3344 dita.
294 3278 371 3344 Non
393 3277 511 3360 placet.
550 3277 635 3342 Puto
653 3276 736 3341 enim
753 3275 924 3342 Martialis
941 3275 1137 3342 mentionem
1154 3297 1196 3342 ex
1211 3276 1439 3357 antiquissima

326 3854 424 3906 Exam.
445 3855 569 3906 criticum
588 3871 614 3924 p.
634 3854 676 3906 17.

329 3943 371 3996 De
390 3945 492 3996 satirae
511 3945 645 4013 septimae
664 3947 791 4013 tempor,
809 3959 835 4012 p.
854 3942 880 3994 8.

275 4030 285 4064 l
330 4033 372 4085 De
391 4032 561 4102 temporibus
580 4037 632 4085 etc.
650 4050 678 4102 p.
696 4032 739 4084 14.

274 4120 298 4190 8)
326 4122 368 4174 De
388 4122 482 4192 exilio,
499 4138 526 4191 p.
545 4122 588 4175 15.

274 4209 299 4278 9)
329 4211 478 4278 „oriundus
498 4210 669 4280 temporibus
688 4209 797 4264 Claudii
814 4212 957 4265 Neronis.“

276 4298 310 4369 10)
340 4340 353 4367 ,,
452 4301 653 4368 revertiturque
672 4300 815 4354 luvenalis
833 4301 976 4354 Romsm.“

278 4387 311 4458 ¹¹)
341 4389 453 4460 „pulsus
478 4389 546 4443 urbe
571 4390 683 4443 tandem
708 4389 826 4443 Romam
850 4407 912 4444 cum
936 4393 1044 4444 veniret
1065 4395 1094 4443 et
1111 4391 1265 4446 Marbslem
1284 4406 1364 4444 sunm
1383 4407 1439 4444 non

169 4476 301 4530 videret.“
340 4477 379 4531 Cf.
397 4479 460 4531 infr.

276 4566 311 4634 ¹²)
338 4567 367 4620 L.
386 4567 404 4619 1.
423 4584 449 4637 p.
468 4567 510 4619 17.
