3234 4994
796 390 818 451 4

172 595 334 679 omittam,
358 596 393 663 in
414 598 488 680 ipsa
509 597 715 679 palimpsesti
743 598 890 682 margine
913 598 1009 664 docet
1033 598 1179 664 scholion
1202 599 1243 664 ad
1271 598 1341 666 Sat.
1360 601 1441 684 XV,

170 731 257 781 vers.
283 717 312 797 5,
336 712 392 780 ubi
416 733 487 780 cum
512 714 613 780 codex
635 713 750 781 itidem
773 720 959 798 corruptam
982 715 1158 781 lectionem
1182 717 1367 796 praeferat:

388 871 525 938 „Dimidio
545 872 668 940 magicae
686 875 819 924 resonant
837 872 884 925 ubi
902 871 1050 924 Memnona
1071 871 1219 942 chordae“,

170 1039 235 1086 non
266 1018 402 1084 fortuito
440 1019 598 1100 scriptum
638 1037 710 1084 esse
747 1008 960 1098 ,memnona
1000 1039 1059 1100 pro
1095 1017 1309 1098 ,Memnone“
1345 1024 1440 1085 vetus

171 1135 343 1202 annotatio
382 1135 542 1202 ostendit:
592 1135 742 1216 ,quidam
775 1135 941 1200 dimidiam
971 1153 1035 1200 non
1078 1134 1208 1200 dimidio
1251 1135 1366 1216 legunt
1399 1134 1442 1199 ad

171 1251 345 1317 Mecaaoao
387 1250 588 1318 referentes“
608 1246 641 1333 ¹).
712 1249 835 1316 Mirum
872 1251 985 1334 igitur,
1017 1270 1058 1316 ne
1091 1250 1196 1316 dicam
1236 1250 1440 1332 incredibile,

170 1367 348 1450 videretur,
374 1368 402 1432 si
419 1366 576 1448 homines,
600 1365 655 1449 qni
670 1370 764 1432 tanto
781 1365 888 1432 studio
911 1367 944 1431 in
969 1364 1090 1432 satiras
1114 1365 1256 1432 edendas
1280 1366 1441 1446 iuterpre-

171 1483 356 1564 tandasqoe
379 1483 614 1564 incumberent,
640 1480 723 1547 nihil
746 1480 849 1564 nobis,
873 1481 999 1547 recenti
1022 1481 1178 1546 memoria
1200 1500 1310 1547 rerum
1338 1482 1441 1547 Juve-

169 1598 385 1680 nalienarum,
410 1597 450 1662 de
473 1597 646 1678 scriptoris
662 1598 733 1665 vita
747 1597 972 1664 tradidissent.
1020 1597 1310 1665 Verumenimvero
1333 1597 1441 1662 omnia

170 1732 207 1779 eo
233 1713 364 1796 ducunt,
389 1718 427 1778 ut
451 1713 547 1778 simol
571 1731 642 1778 curn
666 1713 830 1778 codicibus
854 1712 1245 1794 interpretationibusqne
1263 1715 1438 1780 satirarum

169 1827 263 1895 brevi
299 1833 375 1910 post
407 1834 544 1894 mortem
577 1828 754 1894 Juvenalis
787 1827 1025 1910 descriptiones
1059 1827 1149 1892 vitae
1182 1827 1252 1892 eius
1289 1829 1439 1894 extitisse

170 1948 363 2027 statuamus,
389 1962 472 2024 quae
496 1963 516 2009 a
531 1943 767 2025 posterioribus
784 1943 1007 2026 grammaticis
1023 1947 1058 2008 et
1074 1942 1261 2008 scholiastis
1280 1945 1438 2009 collectae

169 2059 334 2125 nonnullis
357 2057 495 2124 mutatis
519 2064 576 2125 aut
600 2059 761 2124 adiunctis
783 2064 841 2136 aut
861 2058 1021 2124 detractis
1044 2058 1216 2139 paullatim
1232 2057 1266 2124 iu
1282 2059 1437 2141 vitarum,

170 2175 281 2255 quales
305 2193 390 2240 nunc
413 2175 577 2253 habemus,
601 2172 723 2237 formas
747 2173 949 2238 transierint.

275 2291 328 2356 De
361 2287 539 2354 unctoribus
573 2288 715 2354 vitarum
750 2288 830 2353 nihil
867 2287 996 2352 omnino
1031 2290 1113 2353 certi
1149 2289 1305 2353 constitui
1340 2307 1437 2370 posse

169 2405 309 2473 videtur.
356 2405 470 2486 Atque
493 2404 607 2486 prima,
638 2421 720 2483 quae
744 2402 894 2484 omniurn,
920 2403 1005 2483 quod
1029 2403 1139 2486 seiam,
1171 2423 1330 2470 consensu
1355 2403 1436 2470 anti-

164 2521 327 2603 'quissima
354 2525 492 2602 putatur
503 2514 541 2601 ²),
569 2518 634 2584 iarn
659 2517 715 2583 diu
738 2517 832 2583 modo
857 2517 1011 2584 Suetonio
1041 2519 1135 2584 modo
1158 2521 1293 2588 Valerio
1328 2521 1436 2586 Probo

170 2637 383 2720 grammatico
417 2635 674 2702 adscribebatur.
723 2634 778 2700 Ad
810 2635 950 2702 nobilem
984 2635 1075 2701 illum
1108 2636 1298 2702 historicum
1332 2636 1435 2704 vitam

170 2752 358 2819 referebant
393 2749 652 2834 easauoonusb,
693 2745 918 2834 Salmasius⁴),
954 2747 1210 2836 Spaldingms⁵).
1258 2753 1322 2819 Sed
1351 2771 1436 2819 nunc

170 2888 263 2935 nemo
296 2873 357 2951 est,
382 2869 437 2949 qui
460 2867 640 2933 obsoletam
668 2867 758 2934 illam
789 2867 829 2933 de
858 2866 1013 2933 Suetonio
1041 2869 1131 2935 vitae
1159 2869 1335 2935 luvenalis
1363 2888 1437 2934 anc-

170 2990 240 3049 tore
255 2983 437 3065 opinionem
451 2986 595 3049 tueatur.
620 2983 707 3047 Nam
722 2988 758 3048 ut
768 2985 988 3047 Burmannum
1004 2981 1198 3066 11111111),
1214 2985 1401 3050 Franckius
1409 2977 1435 3066 ⁷)

172 3105 206 3164 et
230 3098 379 3165 Suetonii
403 3098 546 3164 editores
570 3094 893 3180 Reifferscheidiusfl)
918 3102 952 3163 et
976 3099 1115 3164 Rothius
1125 3095 1151 3181 ⁹)
1176 3099 1257 3164 satis
1275 3118 1436 3181 superque

171 3214 553 3298 demonstraruntlranc
585 3213 688 3280 vitam
722 3213 849 3278 omnino
881 3211 1038 3278 Suetonio
1071 3233 1143 3280 esse
1176 3213 1434 3280 abiudieandam.

169 3331 288 3410 Itaque
312 3331 403 3413 ligna
427 3347 486 3412 ego
511 3329 544 3394 in
568 3327 685 3394 silvam
709 3327 796 3393 ferre
816 3329 901 3394 nolo.
940 3328 1102 3393 Similiter
1118 3329 1216 3394 etiam
1234 3329 1275 3395 ad
1292 3329 1435 3396 Probum
1534 3419 1537 3428 ,

170 3446 343 3528 Berytium
364 3444 624 3528 grammaticum,
649 3445 708 3510 sub
731 3445 821 3510 cuius
842 3445 970 3510 nomine
992 3443 1155 3527 Georgius
1171 3445 1271 3512 Valla
1290 3466 1331 3512 ex
1353 3448 1436 3513 anti·

169 3669 486 3678 ———-—--—-—-——-

276 3845 298 3910 ¹)
326 3844 407 3913 Jahn,
425 3843 567 3897 luvenalis
588 3850 648 3911 eat,
666 3860 692 3914 p.
712 3843 772 3897 159.
792 3875 826 3884 --
844 3845 993 3915 Hermann,
1012 3846 1030 3898 1.
1050 3847 1068 3898 1.
1087 3865 1114 3916 p.
1133 3848 1158 3902 5.

286 3946 298 4006 )
328 3941 367 3995 Cf.
387 3941 569 4013 Spnnerberg,
589 3943 631 3994 De
650 3943 822 4012 temporibus
841 3948 892 3994 111.
912 3961 938 4012 p.
958 3943 983 3995 8.

275 3941 285 3973 2

276 4029 299 4096 3)
328 4030 389 4082 Vid.
409 4031 580 4102 Suetonium,
600 4032 642 4084 ed.
661 4032 809 4087 Burmann.
828 4031 983 4084 Amstelod.
1003 4032 1081 4102 1736,
1100 4034 1134 4103 11,
1153 4052 1180 4104 p.
1200 4033 1259 4086 164.

274 4118 298 4184 ⁴)
327 4120 549 4174 Exercitationes
568 4122 718 4190 Plinianae,
738 4122 859 4190 Parisiis,
879 4121 948 4174 1689
967 4139 993 4191 p.
1012 4121 1073 4174 449.

1395 4105 1424 4140 't

276 4209 296 4277 5)
324 4209 356 4260 11
375 4211 488 4278 praefat.
508 4211 572 4263 edit.
592 4209 751 4276 Quintilian.
771 4212 889 4280 Lipsiae,
907 4211 985 4282 1798,
1004 4229 1030 4281 p.
1050 4213 1159 4266 XXXV.

275 4296 298 4366 ὓ)
326 4298 399 4353 Edit.
419 4299 540 4369 Sueten,
558 4299 593 4369 ΙΙ,
611 4299 672 4352 470.

277 4383 300 4452 7)
329 4387 453 4440 Examen
475 4390 559 4440 critic.
578 4388 719 4441 luvenalis
738 4391 820 4458 vitae,
838 4406 864 4458 p.
884 4389 899 4440 9
919 4405 960 4459 sq.

274 4472 299 4539 ⁸)
327 4475 439 4529 Sueten.
458 4477 519 4530 libr.
537 4477 615 4545 reliq.
635 4478 753 4547 Lipsiae,
772 4477 842 4530 18611
859 4496 886 4548 p.
904 4479 965 4531 404.

275 4561 299 4630 ⁹)
328 4563 413 4617 Praef.
433 4566 497 4618 edit.
518 4566 630 4620 Sueten.
650 4568 766 4638 Lipsiae,
785 4567 855 4619 1862
875 4586 901 4638 p.
920 4570 1044 4622 LXXVII
1062 4585 1103 4639 sq.
