3234 4994
748 397 788 458 58

661 481 872 490 --—--—-—-

130 621 192 670 nus
202 597 226 682 1)
258 600 350 668 exilii
379 601 483 668 locum
517 603 620 670 fuisse
651 610 782 690 putant,
826 606 910 688 quod
938 625 998 689 ego
1022 606 1101 673 mihi
1126 607 1223 674 valde
1253 607 1399 675 arridere

130 718 240 786 fateor
249 712 288 801 ²).

237 833 289 898 De
311 833 405 900 anio
429 833 561 916 Sarno,
593 836 678 916 quod
708 838 856 905 nonnulli
878 858 937 920 pro
961 839 1166 922 relegatione
1188 839 1400 924 Aegyptiace

130 949 274 1031 amplexi
308 947 436 1035 sunt³),
471 970 535 1017 non
570 956 622 1018 est
655 954 740 1035 quod
773 955 877 1022 fusius
912 955 1086 1038 disputem.
1147 956 1234 1023 Nam
1267 961 1400 1037 praeter

130 1064 410 1150 Synnerbergium
417 1060 445 1151 ⁴)
462 1067 635 1135 Strackius
656 1075 691 1135 et
706 1069 895 1153 Stampinus
914 1072 1099 1152 nuperrime
1122 1072 1398 1155 demonstrarunt,

129 1181 157 1247 J
158 1183 330 1250 uvenalem
367 1184 401 1250 In
425 1183 606 1252 Caledonia
639 1205 704 1253 non
736 1188 878 1270 exulem,
918 1188 976 1254 sed
1009 1186 1145 1253 militem
1181 1187 1397 1253 voluntarium

131 1297 299 1381 stipendia
320 1299 440 1368 fecisse
450 1297 485 1385 ⁵).
532 1304 583 1368 Re
598 1321 679 1370 vera
694 1303 761 1370 inm
778 1304 878 1388 vitae,
902 1305 936 1371 in
960 1303 1074 1386 quibus
1091 1302 1131 1369 de
1147 1303 1276 1370 Scotino
1292 1303 1318 1368 J
1319 1322 1395 1370 uve-

130 1413 218 1480 nalis
242 1415 340 1482 exilio
364 1416 516 1499 traditur,
541 1436 636 1498 quam
660 1420 820 1486 maximas
844 1419 1045 1500 suspiciones
1068 1422 1210 1487 movent.
1256 1418 1344 1485 Nam
1361 1423 1400 1485 ut

132 1528 281 1596 omittam
305 1531 385 1614 alie,
408 1532 473 1598 iam
497 1550 597 1614 supra
621 1531 777 1618 allataI),
801 1533 995 1617 praesertim
1018 1536 1103 1600 hanc
1126 1553 1195 1600 rem
1218 1534 1290 1602 vita
1312 1535 1398 1600 Bod-

130 1644 241 1712 leiana
257 1652 290 1714 et
307 1647 548 1716 Omniboniana
570 1651 792 1734 comprobant,
817 1670 900 1733 quae
923 1650 1121 1717 Juvenalem
1147 1655 1262 1717 contra
1280 1649 1397 1716 Scotos

132 1763 265 1830 missum
299 1764 334 1829 in
368 1763 466 1830 exilio
498 1770 658 1831 mortuum
693 1759 872 1850 uadenti.
925 1764 997 1850 Quo
1031 1764 1113 1831 nihil
1148 1766 1335 1846 absurdius,
1371 1765 1399 1831 si

132 1883 254 1962 cetera,
279 1898 361 1960 quae
378 1881 418 1947 de
434 1880 610 1947 Juvenalis
633 1881 706 1950 vita
729 1881 879 1966 diximus
905 1901 975 1948 cum
992 1881 1191 1949 scholiastae
1213 1881 1399 1948 testimonio

135 2013 367 2076 comparemus.
407 1996 503 2062 Unde
519 2003 633 2063 auctor
649 1997 765 2064 Scotos
781 1998 969 2081 sumpserit,
994 1997 1060 2064 inm
1076 1999 1287 2064 Duentzerus
1308 2001 1399 2063 recte

132 2111 331 2196 observavit,
354 2117 526 2193 postquam
550 2114 713 2180 secundae
736 2113 861 2180 satirae
883 2133 998 2181 versus
1025 2119 1215 2180 lte—161:

815 2253 918 2319 „Arma
937 2253 1049 2322 quidem
1068 2254 1141 2305 ultra

376 2340 470 2392 Litora
487 2339 625 2393 Jubernae
642 2343 832 2410 promovimus
852 2346 880 2396 et
897 2342 980 2394 modo
1001 2346 1095 2411 captae

378 2427 500 2481 Orcadas
519 2445 552 2481 ao
569 2430 683 2482 minima
702 2433 847 2483 contentos
865 2435 947 2484 nocte
965 2431 1140 2500 Britonncs“,

132 2574 203 2622 cum
220 2556 311 2624 vitae
327 2555 515 2623 testimonIo
538 2557 744 2638 comparavit
754 2554 793 2640 ⁸).
832 2559 897 2626 Sed
914 2559 1013 2625 etiam
1029 2559 1234 2626 monendum.
1269 2557 1399 2624 Fabula

132 2673 172 2741 de
200 2672 299 2748 exilio
328 2673 459 2740 Scotino
487 2675 542 2741 vel
572 2674 648 2741 inde
676 2675 755 2741 oriri
784 2675 908 2758 potuit,
942 2674 1027 2757 quod
1050 2673 1227 2741 Juvenalis
1259 2693 1400 2740 revera

132 2789 306 2871 aliquando
341 2789 375 2857 in
408 2789 587 2857 Britannia
624 2809 684 2858 sua
722 2795 837 2872 sponte
873 2791 1037 2872 stipendia
1074 2787 1245 2872 iecerat⁹).
1305 2787 1399 2872 Quod

133 2905 261 2986 quidem
286 2903 468 2972 certissime
491 2907 683 2988 comprobat
703 2907 821 2973 titulus
844 2906 899 2972 ille
928 2906 1077 2988 lapideus
1100 2905 1239 2988 Aquini,
1268 2907 1303 2971 in
1325 2905 1398 2986 ipsa

239 3235 262 3302 1)
282 3234 332 3306 Op.
350 3235 425 3287 laud.
443 3251 469 3304 p.
488 3233 532 3287 63.

237 3324 261 3391 ²)
281 3323 320 3376 Gi.
339 3340 413 3393 supr.
432 3341 458 3394 p.
477 3324 520 3376 38.

237 3431 261 3501 3)
279 3433 428 3504 Hermann,
445 3434 531 3503 praei.
549 3449 575 3502 p.
604 3431 760 3485 VII-VIII.
797 3431 917 3499 Siebold,
935 3434 954 3484 l.
966 3433 985 3484 1.
1004 3431 1114 3483 Einleit.
1133 3448 1161 3499 p.
1178 3431 1276 3486 XVIII.
1317 3432 1398 3500 Berg,

130 3524 149 3576 l.
168 3524 186 3578 l.
205 3540 232 3593 p.
251 3523 284 3575 17
305 3537 345 3592 sq.
382 3524 509 3592 Vescovi,
528 3523 694 3592 prelatione,
712 3537 739 3592 p.
759 3521 856 3573 XXIX.

236 3628 261 3698 ⁴)
279 3632 309 3684 L.
327 3632 347 3684 l.
365 3649 392 3702 p.
411 3629 525 3683 48-53.

238 3721 261 3788 5)
280 3720 388 3790 Streclr,
406 3737 433 3790 p.
451 3721 494 3773 25.
513 3750 547 3758 -
566 3718 711 3789 Stampini,
730 3735 756 3788 p.
776 3718 888 3771 50-53.

237 3808 480 3880 Qffipssm

238 3916 262 3984 7)
282 3933 353 3987 „quo
373 3919 498 3969 effectum
517 3919 559 3970 est
578 3919 609 3968 ut
626 3917 686 3985 ipse
712 3917 802 3968 animo
827 3918 1018 3968 consternatus
1044 3931 1079 3967 ex
1104 3917 1204 3968 mentis
1227 3916 1399 3984 eengtudine

132 4011 205 4062 diem
223 4024 304 4060 suum
326 4006 449 4059 obierit.“

237 4113 262 4182 8)
280 4115 343 4169 Loc.
361 4113 435 4166 laud.
453 4129 480 4182 p.
503 4111 564 4166 376.
587 4143 621 4152 —
640 4112 791 4164 Franckius
809 4111 892 4165 huius
910 4110 1027 4165 fabellae
1046 4112 1151 4164 fontem
1174 4113 1257 4164 ctIam
1280 4113 1309 4164 in
1327 4127 1398 4165 vers.

132 4204 183 4257 112
203 4208 254 4257 sat.
273 4203 323 4254 XV
344 4202 401 4268 „De
420 4202 598 4255 conducendo
615 4203 741 4270 loquitur
757 4202 813 4254 iam
831 4201 942 4253 rhetore
961 4199 1065 4252 Thule“
1090 4201 1143 4254 sibi
1162 4202 1304 4271 aperuisse
1322 4203 1398 4254 visus

133 4298 176 4347 est
193 4293 305 4360 (Exum.
325 4293 393 4361 crit,
410 4308 437 4361 p.
455 4291 512 4358 45).

235 4397 261 4466 ⁹)
281 4398 320 4451 Of.
338 4379 481 4466 Weidner,
504 4399 522 4450 l.
541 4398 560 4451 1.
573 4401 587 4464 §
600 4396 647 4449 24:
669 4397 745 4463 „Aue
765 4398 813 4450 der
825 4397 932 4466 Kunde,
952 4398 1016 4451 dass
1036 4413 1066 4449 er
1078 4397 1224 4464 (Juvenal)
1243 4398 1399 4452 aloTribun

132 4489 194 4542 dort
206 4490 248 4555 (iu
257 4489 432 4556 Britannien)
444 4503 581 4558 genesen,
599 4502 657 4539 war
676 4488 719 4539 die
729 4487 921 4556 Vermuthung
940 4487 1004 4539 sehr
1016 4487 1101 4541 leicht
1114 4503 1147 4541 zu
1160 4489 1314 4557 gewinnen,
1333 4489 1397 4542 does

131 4593 161 4632 er
178 4580 207 4630 in
225 4577 420 4635 miutdrischer
437 4576 615 4648 Eigenschnit
633 4575 745 4634 dorthin
762 4578 913 4634 vorvvleeeu
932 4576 1071 4629 worden.“
