<?xml version="1.0" encoding="UTF-8"?>
<!DOCTYPE html PUBLIC "-//W3C//DTD XHTML 1.0 Transitional//EN"
    "http://www.w3.org/TR/xhtml1/DTD/xhtml1-transitional.dtd">
<html xmlns="http://www.w3.org/1999/xhtml" xml:lang="en" lang="en">
 <head>
  <title>
</title>
<meta http-equiv="Content-Type" content="text/html;charset=utf-8" />
  <meta name='ocr-system' content='tesseract 3.04.00' />
  <meta name='ocr-capabilities' content='ocr_page ocr_carea ocr_par ocr_line ocrx_word'/>
</head>
<body>
  <div class='ocr_page' id='page_1' title='image "./dejuvenalisvita01nagugoog_0053.png"; bbox 0 0 3234 4994; ppageno 0'>
   <div class='ocr_carea' id='block_1_1' title="bbox 727 404 938 496">
    <p class='ocr_par' dir='ltr' id='par_1_1' title="bbox 727 404 938 496">
     <span class='ocr_line' id='line_1_1' title="bbox 727 404 938 496; baseline 0 0"><span class='ocrx_word' id='word_1_1' title='bbox 727 404 938 496; x_wconf 28' lang='lat' dir='ltr'>*Li-3„-</span> 
     </span>
    </p>
   </div>
   <div class='ocr_carea' id='block_1_2' title="bbox 149 609 1479 3473">
    <p class='ocr_par' dir='ltr' id='par_1_2' title="bbox 197 609 1473 1388">
     <span class='ocr_line' id='line_1_2' title="bbox 197 609 1469 698; baseline -0.003 -18"><span class='ocrx_word' id='word_1_2' title='bbox 197 633 269 680; x_wconf 90' lang='lat' dir='ltr'>mus</span> <span class='ocrx_word' id='word_1_3' title='bbox 277 664 285 698; x_wconf 89' lang='lat'>,</span> <span class='ocrx_word' id='word_1_4' title='bbox 322 613 381 679; x_wconf 91' lang='lat' dir='ltr'>sub</span> <span class='ocrx_word' id='word_1_5' title='bbox 413 615 475 678; x_wconf 90' lang='lat' dir='ltr'>hoc</span> <span class='ocrx_word' id='word_1_6' title='bbox 506 616 635 693; x_wconf 88' lang='lat' dir='ltr'>tompus</span> <span class='ocrx_word' id='word_1_7' title='bbox 662 611 846 678; x_wconf 82' lang='lat' dir='ltr'>Flaminem</span> <span class='ocrx_word' id='word_1_8' title='bbox 878 611 960 677; x_wconf 89' lang='lat' dir='ltr'>Divi</span> <span class='ocrx_word' id='word_1_9' title='bbox 990 611 1189 691; x_wconf 83' lang='lat' dir='ltr'>Vespasiani</span> <span class='ocrx_word' id='word_1_10' title='bbox 1220 609 1337 684; x_wconf 84' lang='lat' dir='ltr'>fuisse,</span> <span class='ocrx_word' id='word_1_11' title='bbox 1369 629 1469 692; x_wconf 92' lang='lat' dir='ltr'>quare</span> 
     </span>
     <span class='ocr_line' id='line_1_3' title="bbox 197 726 1470 812; baseline -0.005 -16"><span class='ocrx_word' id='word_1_12' title='bbox 197 727 424 812; x_wconf 89' lang='lat' dir='ltr'>Domitianus,</span> <span class='ocrx_word' id='word_1_13' title='bbox 453 732 491 793; x_wconf 91' lang='lat' dir='ltr'>ut</span> <span class='ocrx_word' id='word_1_14' title='bbox 518 728 583 793; x_wconf 89' lang='lat' dir='ltr'>iam</span> <span class='ocrx_word' id='word_1_15' title='bbox 607 728 748 810; x_wconf 82' lang='lat' dir='ltr'>Bergine</span> <span class='ocrx_word' id='word_1_16' title='bbox 776 732 867 793; x_wconf 90' lang='lat' dir='ltr'>recte</span> <span class='ocrx_word' id='word_1_17' title='bbox 899 727 1102 810; x_wconf 75' lang='lat' dir='ltr'>observavit,</span> <span class='ocrx_word' id='word_1_18' title='bbox 1138 726 1242 792; x_wconf 90' lang='lat' dir='ltr'>satius</span> <span class='ocrx_word' id='word_1_19' title='bbox 1271 727 1364 792; x_wconf 85' lang='lat' dir='ltr'>duxit</span> <span class='ocrx_word' id='word_1_20' title='bbox 1388 727 1470 809; x_wconf 91' lang='lat' dir='ltr'>„sub</span> 
     </span>
     <span class='ocr_line' id='line_1_4' title="bbox 198 837 1472 928; baseline -0.004 -16"><span class='ocrx_word' id='word_1_21' title='bbox 198 845 307 928; x_wconf 89' lang='lat' dir='ltr'>specie</span> <span class='ocrx_word' id='word_1_22' title='bbox 334 839 489 911; x_wconf 87' lang='lat' dir='ltr'>honoris“</span> <span class='ocrx_word' id='word_1_23' title='bbox 505 839 527 926; x_wconf 86' lang='lat'>¹)</span> <span class='ocrx_word' id='word_1_24' title='bbox 557 863 629 909; x_wconf 92' lang='lat' dir='ltr'>eum</span> <span class='ocrx_word' id='word_1_25' title='bbox 658 845 823 926; x_wconf 81' lang='lat' dir='ltr'>relegare,</span> <span class='ocrx_word' id='word_1_26' title='bbox 854 862 948 924; x_wconf 93' lang='lat' dir='ltr'>quam</span> <span class='ocrx_word' id='word_1_27' title='bbox 980 842 1100 924; x_wconf 88' lang='lat' dir='ltr'>capitis</span> <span class='ocrx_word' id='word_1_28' title='bbox 1124 843 1281 907; x_wconf 89' lang='lat' dir='ltr'>damnare</span> <span class='ocrx_word' id='word_1_29' title='bbox 1292 837 1328 920; x_wconf 87' lang='lat'>²).</span> <span class='ocrx_word' id='word_1_30' title='bbox 1376 840 1472 925; x_wconf 75' lang='lat' dir='ltr'>Quod</span> 
     </span>
     <span class='ocr_line' id='line_1_5' title="bbox 199 958 1471 1043; baseline -0.004 -17"><span class='ocrx_word' id='word_1_31' title='bbox 199 960 329 1043; x_wconf 88' lang='lat' dir='ltr'>quidem</span> <span class='ocrx_word' id='word_1_32' title='bbox 352 964 430 1042; x_wconf 91' lang='lat' dir='ltr'>apte</span> <span class='ocrx_word' id='word_1_33' title='bbox 453 960 545 1027; x_wconf 86' lang='lat' dir='ltr'>vitae</span> <span class='ocrx_word' id='word_1_34' title='bbox 567 959 746 1040; x_wconf 90' lang='lat' dir='ltr'>Lipsianae</span> <span class='ocrx_word' id='word_1_35' title='bbox 770 959 956 1024; x_wconf 88' lang='lat' dir='ltr'>testimonio</span> <span class='ocrx_word' id='word_1_36' title='bbox 982 960 1220 1039; x_wconf 87' lang='lat' dir='ltr'>comprobatur,</span> <span class='ocrx_word' id='word_1_37' title='bbox 1245 958 1280 1023; x_wconf 90' lang='lat' dir='ltr'>in</span> <span class='ocrx_word' id='word_1_38' title='bbox 1303 977 1367 1039; x_wconf 86' lang='lat' dir='ltr'>qua</span> <span class='ocrx_word' id='word_1_39' title='bbox 1389 959 1471 1023; x_wconf 91' lang='lat' dir='ltr'>haec</span> 
     </span>
     <span class='ocr_line' id='line_1_6' title="bbox 199 1070 1472 1159; baseline -0.005 -16"><span class='ocrx_word' id='word_1_40' title='bbox 199 1079 347 1143; x_wconf 87' lang='lat' dir='ltr'>exstant:</span> <span class='ocrx_word' id='word_1_41' title='bbox 396 1075 578 1159; x_wconf 86' lang='lat' dir='ltr'>„Versibus</span> <span class='ocrx_word' id='word_1_42' title='bbox 601 1075 642 1140; x_wconf 92' lang='lat' dir='ltr'>iis</span> <span class='ocrx_word' id='word_1_43' title='bbox 666 1074 714 1155; x_wconf 91' lang='lat' dir='ltr'>(in</span> <span class='ocrx_word' id='word_1_44' title='bbox 729 1070 898 1156; x_wconf 82' lang='lat' dir='ltr'>Paridem)</span> <span class='ocrx_word' id='word_1_45' title='bbox 923 1073 1099 1156; x_wconf 90' lang='lat' dir='ltr'>publicatis</span> <span class='ocrx_word' id='word_1_46' title='bbox 1115 1074 1326 1140; x_wconf 89' lang='lat' dir='ltr'>Domitianus</span> <span class='ocrx_word' id='word_1_47' title='bbox 1348 1074 1472 1154; x_wconf 84' lang='lat' dir='ltr'>pudore</span> 
     </span>
     <span class='ocr_line' id='line_1_7' title="bbox 200 1187 1472 1272; baseline -0.006 -12"><span class='ocrx_word' id='word_1_48' title='bbox 200 1197 235 1260; x_wconf 94' lang='lat' dir='ltr'>et</span> <span class='ocrx_word' id='word_1_49' title='bbox 257 1193 308 1258; x_wconf 91' lang='lat' dir='ltr'>ira</span> <span class='ocrx_word' id='word_1_50' title='bbox 324 1192 365 1258; x_wconf 90' lang='lat' dir='ltr'>de</span> <span class='ocrx_word' id='word_1_51' title='bbox 380 1191 546 1259; x_wconf 62' lang='lat' dir='ltr'>&lt;Iuvenale</span> <span class='ocrx_word' id='word_1_52' title='bbox 570 1191 749 1257; x_wconf 89' lang='lat' dir='ltr'>amovendo</span> <span class='ocrx_word' id='word_1_53' title='bbox 773 1190 942 1272; x_wconf 87' lang='lat' dir='ltr'>cogitavit.</span> <span class='ocrx_word' id='word_1_54' title='bbox 990 1188 1055 1255; x_wconf 84' lang='lat' dir='ltr'>Sed</span> <span class='ocrx_word' id='word_1_55' title='bbox 1079 1209 1149 1254; x_wconf 89' lang='lat' dir='ltr'>cum</span> <span class='ocrx_word' id='word_1_56' title='bbox 1173 1190 1282 1272; x_wconf 92' lang='lat' dir='ltr'>palam</span> <span class='ocrx_word' id='word_1_57' title='bbox 1305 1188 1340 1256; x_wconf 90' lang='lat' dir='ltr'>iu</span> <span class='ocrx_word' id='word_1_58' title='bbox 1363 1187 1472 1254; x_wconf 88' lang='lat' dir='ltr'>virum</span> 
     </span>
     <span class='ocr_line' id='line_1_8' title="bbox 200 1303 1473 1388; baseline -0.003 -14"><span class='ocrx_word' id='word_1_59' title='bbox 200 1308 282 1375; x_wconf 90' lang='lat' dir='ltr'>nihil</span> <span class='ocrx_word' id='word_1_60' title='bbox 299 1309 445 1388; x_wconf 81' lang='lat' dir='ltr'>auderet,</span> <span class='ocrx_word' id='word_1_61' title='bbox 470 1308 530 1372; x_wconf 89' lang='lat' dir='ltr'>sub</span> <span class='ocrx_word' id='word_1_62' title='bbox 545 1305 678 1372; x_wconf 90' lang='lat' dir='ltr'>honoris</span> <span class='ocrx_word' id='word_1_63' title='bbox 695 1308 832 1372; x_wconf 92' lang='lat' dir='ltr'>obtentu</span> <span class='ocrx_word' id='word_1_64' title='bbox 848 1305 1007 1371; x_wconf 81' lang='lat' dir='ltr'>militibus</span> <span class='ocrx_word' id='word_1_65' title='bbox 1023 1305 1193 1388; x_wconf 85' lang='lat' dir='ltr'>praefecit,</span> <span class='ocrx_word' id='word_1_66' title='bbox 1219 1304 1321 1386; x_wconf 87' lang='lat' dir='ltr'>quiin</span> <span class='ocrx_word' id='word_1_67' title='bbox 1339 1303 1473 1386; x_wconf 87' lang='lat' dir='ltr'>Aegyp·</span> 
     </span>
    </p>

    <p class='ocr_par' dir='ltr' id='par_1_3' title="bbox 149 1418 1479 3473">
     <span class='ocr_line' id='line_1_9' title="bbox 200 1418 1472 1503; baseline -0.003 -14"><span class='ocrx_word' id='word_1_68' title='bbox 200 1428 269 1490; x_wconf 90' lang='lat' dir='ltr'>tum</span> <span class='ocrx_word' id='word_1_69' title='bbox 286 1419 520 1491; x_wconf 86' lang='lat' dir='ltr'>ducebantur“.</span> <span class='ocrx_word' id='word_1_70' title='bbox 555 1422 682 1489; x_wconf 85' lang='lat' dir='ltr'>Eodem</span> <span class='ocrx_word' id='word_1_71' title='bbox 698 1425 780 1489; x_wconf 88' lang='lat' dir='ltr'>haec</span> <span class='ocrx_word' id='word_1_72' title='bbox 795 1425 897 1489; x_wconf 86' lang='lat' dir='ltr'>verba</span> <span class='ocrx_word' id='word_1_73' title='bbox 913 1421 1119 1488; x_wconf 87' lang='lat' dir='ltr'>Ruehlianae</span> <span class='ocrx_word' id='word_1_74' title='bbox 1135 1426 1303 1503; x_wconf 86' lang='lat' dir='ltr'>spectant:</span> <span class='ocrx_word' id='word_1_75' title='bbox 1323 1418 1472 1503; x_wconf 74' lang='lat' dir='ltr'>„Quibus</span> 
     </span>
     <span class='ocr_line' id='line_1_10' title="bbox 149 1515 1475 1622; baseline -0.004 -15"><span class='ocrx_word' id='word_1_76' title='bbox 149 1515 150 1518; x_wconf 8' lang='grc' dir='ltr'><strong>Ἴ</strong></span> <span class='ocrx_word' id='word_1_77' title='bbox 202 1535 381 1622; x_wconf 85' lang='lat' dir='ltr'>(uersibus)</span> <span class='ocrx_word' id='word_1_78' title='bbox 397 1537 608 1605; x_wconf 91' lang='lat' dir='ltr'>Domitianus</span> <span class='ocrx_word' id='word_1_79' title='bbox 632 1558 692 1604; x_wconf 91' lang='lat' dir='ltr'>sua</span> <span class='ocrx_word' id='word_1_80' title='bbox 714 1544 864 1619; x_wconf 88' lang='lat' dir='ltr'>tempora</span> <span class='ocrx_word' id='word_1_81' title='bbox 887 1538 1032 1604; x_wconf 89' lang='lat' dir='ltr'>sentiens</span> <span class='ocrx_word' id='word_1_82' title='bbox 1056 1537 1207 1622; x_wconf 88' lang='lat' dir='ltr'>denotari</span> <span class='ocrx_word' id='word_1_83' title='bbox 1231 1537 1355 1618; x_wconf 87' lang='lat' dir='ltr'>pudore</span> <span class='ocrx_word' id='word_1_84' title='bbox 1373 1541 1407 1602; x_wconf 91' lang='lat' dir='ltr'>et</span> <span class='ocrx_word' id='word_1_85' title='bbox 1422 1535 1475 1602; x_wconf 91' lang='lat' dir='ltr'>ira</span> 
     </span>
     <span class='ocr_line' id='line_1_11' title="bbox 202 1651 1472 1736; baseline -0.003 -16"><span class='ocrx_word' id='word_1_86' title='bbox 202 1659 372 1736; x_wconf 89' lang='lat' dir='ltr'>correptus</span> <span class='ocrx_word' id='word_1_87' title='bbox 399 1660 434 1720; x_wconf 89' lang='lat' dir='ltr'>et</span> <span class='ocrx_word' id='word_1_88' title='bbox 462 1654 605 1735; x_wconf 76' lang='lat' dir='ltr'>qualiter</span> <span class='ocrx_word' id='word_1_89' title='bbox 627 1653 652 1718; x_wconf 89' lang='lat' dir='ltr'><strong>J</strong></span> <span class='ocrx_word' id='word_1_90' title='bbox 654 1655 826 1723; x_wconf 86' lang='lat' dir='ltr'>uvenalem</span> <span class='ocrx_word' id='word_1_91' title='bbox 854 1653 1055 1735; x_wconf 86' lang='lat' dir='ltr'>deprimeret</span> <span class='ocrx_word' id='word_1_92' title='bbox 1081 1653 1168 1734; x_wconf 89' lang='lat' dir='ltr'>apud</span> <span class='ocrx_word' id='word_1_93' title='bbox 1200 1673 1234 1718; x_wconf 89' lang='lat' dir='ltr'>se</span> <span class='ocrx_word' id='word_1_94' title='bbox 1259 1651 1472 1735; x_wconf 84' lang='lat' dir='ltr'>excogitavit,</span> 
     </span>
     <span class='ocr_line' id='line_1_12' title="bbox 202 1767 1473 1851; baseline -0.004 -15"><span class='ocrx_word' id='word_1_95' title='bbox 202 1769 260 1837; x_wconf 88' lang='lat' dir='ltr'>sed</span> <span class='ocrx_word' id='word_1_96' title='bbox 282 1790 362 1836; x_wconf 84' lang='lat' dir='ltr'>cum</span> <span class='ocrx_word' id='word_1_97' title='bbox 393 1773 509 1836; x_wconf 88' lang='lat' dir='ltr'>tantae</span> <span class='ocrx_word' id='word_1_98' title='bbox 540 1770 748 1836; x_wconf 85' lang='lat' dir='ltr'>auctoritatis</span> <span class='ocrx_word' id='word_1_99' title='bbox 780 1770 885 1838; x_wconf 88' lang='lat' dir='ltr'>virum</span> <span class='ocrx_word' id='word_1_100' title='bbox 918 1769 1046 1850; x_wconf 92' lang='lat' dir='ltr'>publice</span> <span class='ocrx_word' id='word_1_101' title='bbox 1079 1767 1194 1849; x_wconf 89' lang='lat' dir='ltr'>punire</span> <span class='ocrx_word' id='word_1_102' title='bbox 1229 1786 1293 1832; x_wconf 92' lang='lat' dir='ltr'>non</span> <span class='ocrx_word' id='word_1_103' title='bbox 1326 1769 1473 1851; x_wconf 87' lang='lat' dir='ltr'>auderet,</span> 
     </span>
     <span class='ocr_line' id='line_1_13' title="bbox 202 1882 1475 1966; baseline -0.003 -14"><span class='ocrx_word' id='word_1_104' title='bbox 202 1885 360 1953; x_wconf 86' lang='lat' dir='ltr'>militibus</span> <span class='ocrx_word' id='word_1_105' title='bbox 410 1885 555 1952; x_wconf 89' lang='lat' dir='ltr'>romanis</span> <span class='ocrx_word' id='word_1_106' title='bbox 600 1885 634 1952; x_wconf 91' lang='lat' dir='ltr'>in</span> <span class='ocrx_word' id='word_1_107' title='bbox 685 1889 850 1952; x_wconf 83' lang='lat' dir='ltr'>extremas</span> <span class='ocrx_word' id='word_1_108' title='bbox 902 1889 1016 1966; x_wconf 90' lang='lat' dir='ltr'>partes</span> <span class='ocrx_word' id='word_1_109' title='bbox 1062 1882 1211 1966; x_wconf 83' lang='lat' dir='ltr'>Aegypti</span> <span class='ocrx_word' id='word_1_110' title='bbox 1263 1883 1475 1948; x_wconf 89' lang='lat' dir='ltr'>tendentibus</span> 
     </span>
     <span class='ocr_line' id='line_1_14' title="bbox 204 1999 1474 2084; baseline -0.003 -16"><span class='ocrx_word' id='word_1_111' title='bbox 204 2052 344 2069; x_wconf 90' lang='grc'><strong>.....</strong></span> <span class='ocrx_word' id='word_1_112' title='bbox 382 2001 441 2067; x_wconf 91' lang='lat' dir='ltr'>sub</span> <span class='ocrx_word' id='word_1_113' title='bbox 479 2003 616 2067; x_wconf 89' lang='lat' dir='ltr'>obtentu</span> <span class='ocrx_word' id='word_1_114' title='bbox 650 2001 783 2067; x_wconf 87' lang='lat' dir='ltr'>honoris</span> <span class='ocrx_word' id='word_1_115' title='bbox 818 2002 878 2067; x_wconf 91' lang='lat' dir='ltr'>sub</span> <span class='ocrx_word' id='word_1_116' title='bbox 913 2000 1087 2084; x_wconf 78' lang='lat' dir='ltr'>dignitatis</span> <span class='ocrx_word' id='word_1_117' title='bbox 1122 1999 1329 2065; x_wconf 86' lang='lat' dir='ltr'>simulatione</span> <span class='ocrx_word' id='word_1_118' title='bbox 1366 2049 1372 2064; x_wconf 94' lang='lat'>.</span> <span class='ocrx_word' id='word_1_119' title='bbox 1399 2050 1406 2064; x_wconf 92' lang='lat'>.</span> <span class='ocrx_word' id='word_1_120' title='bbox 1433 2049 1440 2064; x_wconf 91' lang='lat'>.</span> <span class='ocrx_word' id='word_1_121' title='bbox 1467 2049 1474 2064; x_wconf 87' lang='lat'>.</span> 
     </span>
     <span class='ocr_line' id='line_1_15' title="bbox 202 2113 1475 2201; baseline -0.004 -16"><span class='ocrx_word' id='word_1_122' title='bbox 202 2113 395 2201; x_wconf 83' lang='lat' dir='ltr'>praefecit.“</span> <span class='ocrx_word' id='word_1_123' title='bbox 443 2115 555 2200; x_wconf 85' lang='lat' dir='ltr'>Adde,</span> <span class='ocrx_word' id='word_1_124' title='bbox 589 2117 674 2197; x_wconf 88' lang='lat' dir='ltr'>quod</span> <span class='ocrx_word' id='word_1_125' title='bbox 703 2117 759 2201; x_wconf 92' lang='lat' dir='ltr'>„in</span> <span class='ocrx_word' id='word_1_126' title='bbox 789 2121 937 2182; x_wconf 87' lang='lat' dir='ltr'>extrema</span> <span class='ocrx_word' id='word_1_127' title='bbox 965 2115 1115 2200; x_wconf 81' lang='lat' dir='ltr'>Aegypti</span> <span class='ocrx_word' id='word_1_128' title='bbox 1145 2113 1299 2200; x_wconf 83' lang='lat' dir='ltr'>parte“³)</span> <span class='ocrx_word' id='word_1_129' title='bbox 1330 2116 1475 2199; x_wconf 84' lang='lat' dir='ltr'>exilium,</span> 
     </span>
     <span class='ocr_line' id='line_1_16' title="bbox 203 2230 1476 2316; baseline -0.001 -17"><span class='ocrx_word' id='word_1_130' title='bbox 203 2238 359 2299; x_wconf 88' lang='lat' dir='ltr'>nontam</span> <span class='ocrx_word' id='word_1_131' title='bbox 387 2231 468 2298; x_wconf 88' lang='lat' dir='ltr'>mite</span> <span class='ocrx_word' id='word_1_132' title='bbox 497 2251 622 2313; x_wconf 90' lang='lat' dir='ltr'>poenae</span> <span class='ocrx_word' id='word_1_133' title='bbox 646 2250 750 2314; x_wconf 88' lang='lat' dir='ltr'>genus</span> <span class='ocrx_word' id='word_1_134' title='bbox 773 2231 849 2315; x_wconf 87' lang='lat' dir='ltr'>fuit,</span> <span class='ocrx_word' id='word_1_135' title='bbox 883 2237 921 2298; x_wconf 90' lang='lat' dir='ltr'>ut</span> <span class='ocrx_word' id='word_1_136' title='bbox 952 2233 1213 2316; x_wconf 83' lang='lat' dir='ltr'>Synnerbergius</span> <span class='ocrx_word' id='word_1_137' title='bbox 1246 2239 1280 2298; x_wconf 88' lang='lat' dir='ltr'>et</span> <span class='ocrx_word' id='word_1_138' title='bbox 1302 2230 1476 2298; x_wconf 83' lang='lat' dir='ltr'>Strackius</span> 
     </span>
     <span class='ocr_line' id='line_1_17' title="bbox 204 2345 1475 2431; baseline -0.002 -16"><span class='ocrx_word' id='word_1_139' title='bbox 204 2349 396 2431; x_wconf 83' lang='lat' dir='ltr'>opinantur3</span> <span class='ocrx_word' id='word_1_140' title='bbox 438 2367 562 2414; x_wconf 91' lang='lat' dir='ltr'>omnem</span> <span class='ocrx_word' id='word_1_141' title='bbox 601 2347 687 2412; x_wconf 91' lang='lat' dir='ltr'>enim</span> <span class='ocrx_word' id='word_1_142' title='bbox 719 2346 908 2430; x_wconf 91' lang='lat' dir='ltr'>Aegyptum</span> <span class='ocrx_word' id='word_1_143' title='bbox 933 2348 1110 2414; x_wconf 88' lang='lat' dir='ltr'>Juvenalis</span> <span class='ocrx_word' id='word_1_144' title='bbox 1142 2353 1233 2413; x_wconf 88' lang='lat' dir='ltr'>recte</span> <span class='ocrx_word' id='word_1_145' title='bbox 1266 2345 1475 2429; x_wconf 88' lang='lat' dir='ltr'>„horridam“</span> 
     </span>
     <span class='ocr_line' id='line_1_18' title="bbox 203 2458 1476 2548; baseline -0.001 -18"><span class='ocrx_word' id='word_1_146' title='bbox 203 2458 399 2548; x_wconf 81' lang='lat' dir='ltr'>appellat⁴),</span> <span class='ocrx_word' id='word_1_147' title='bbox 428 2464 519 2529; x_wconf 86' lang='lat' dir='ltr'>loeus</span> <span class='ocrx_word' id='word_1_148' title='bbox 554 2481 633 2531; x_wconf 87' lang='lat' dir='ltr'>vero</span> <span class='ocrx_word' id='word_1_149' title='bbox 668 2462 774 2546; x_wconf 87' lang='lat' dir='ltr'>exilii,</span> <span class='ocrx_word' id='word_1_150' title='bbox 809 2463 930 2546; x_wconf 83' lang='lat' dir='ltr'>Syene,</span> <span class='ocrx_word' id='word_1_151' title='bbox 967 2465 1022 2544; x_wconf 90' lang='lat' dir='ltr'>qui</span> <span class='ocrx_word' id='word_1_152' title='bbox 1056 2462 1240 2529; x_wconf 90' lang='lat' dir='ltr'>Domitiani</span> <span class='ocrx_word' id='word_1_153' title='bbox 1274 2463 1476 2545; x_wconf 86' lang='lat' dir='ltr'>temporibus</span> 
     </span>
     <span class='ocr_line' id='line_1_19' title="bbox 204 2578 1476 2661; baseline -0.002 -15"><span class='ocrx_word' id='word_1_154' title='bbox 204 2579 330 2646; x_wconf 88' lang='lat' dir='ltr'>romani</span> <span class='ocrx_word' id='word_1_155' title='bbox 364 2579 494 2661; x_wconf 91' lang='lat' dir='ltr'>imperii</span> <span class='ocrx_word' id='word_1_156' title='bbox 526 2578 686 2645; x_wconf 89' lang='lat' dir='ltr'>terminus</span> <span class='ocrx_word' id='word_1_157' title='bbox 718 2579 951 2660; x_wconf 90' lang='lat' dir='ltr'>propemodum</span> <span class='ocrx_word' id='word_1_158' title='bbox 983 2580 1047 2645; x_wconf 83' lang='lat' dir='ltr'>fuit</span> <span class='ocrx_word' id='word_1_159' title='bbox 1082 2578 1310 2660; x_wconf 89' lang='lat' dir='ltr'>praesidioque</span> <span class='ocrx_word' id='word_1_160' title='bbox 1342 2597 1476 2646; x_wconf 91' lang='lat' dir='ltr'>romano</span> 
     </span>
     <span class='ocr_line' id='line_1_20' title="bbox 205 2691 1477 2779; baseline -0.001 -17"><span class='ocrx_word' id='word_1_161' title='bbox 205 2691 489 2779; x_wconf 72' lang='lat' dir='ltr'>defendebatur5),</span> <span class='ocrx_word' id='word_1_162' title='bbox 518 2695 606 2762; x_wconf 88' lang='lat' dir='ltr'>haud</span> <span class='ocrx_word' id='word_1_163' title='bbox 638 2695 733 2761; x_wconf 92' lang='lat' dir='ltr'>dubie</span> <span class='ocrx_word' id='word_1_164' title='bbox 757 2715 795 2760; x_wconf 91' lang='lat' dir='ltr'>eo</span> <span class='ocrx_word' id='word_1_165' title='bbox 820 2695 925 2776; x_wconf 86' lang='lat' dir='ltr'>magis</span> <span class='ocrx_word' id='word_1_166' title='bbox 948 2697 1107 2761; x_wconf 90' lang='lat' dir='ltr'>barbarus</span> <span class='ocrx_word' id='word_1_167' title='bbox 1131 2695 1338 2776; x_wconf 83' lang='lat' dir='ltr'>incultusque</span> <span class='ocrx_word' id='word_1_168' title='bbox 1361 2696 1477 2762; x_wconf 85' lang='lat' dir='ltr'>haberi</span> 
     </span>
     <span class='ocr_line' id='line_1_21' title="bbox 206 2810 1476 2893; baseline -0.003 -15"><span class='ocrx_word' id='word_1_169' title='bbox 206 2813 314 2879; x_wconf 91' lang='lat' dir='ltr'>debet.</span> <span class='ocrx_word' id='word_1_170' title='bbox 354 2810 405 2877; x_wconf 86' lang='lat' dir='ltr'>At</span> <span class='ocrx_word' id='word_1_171' title='bbox 419 2811 459 2876; x_wconf 89' lang='lat' dir='ltr'>de</span> <span class='ocrx_word' id='word_1_172' title='bbox 475 2811 566 2877; x_wconf 86' lang='lat' dir='ltr'>exilii</span> <span class='ocrx_word' id='word_1_173' title='bbox 589 2811 660 2876; x_wconf 90' lang='lat' dir='ltr'>loco</span> <span class='ocrx_word' id='word_1_174' title='bbox 684 2811 767 2876; x_wconf 91' lang='lat' dir='ltr'>nihil</span> <span class='ocrx_word' id='word_1_175' title='bbox 789 2811 843 2877; x_wconf 90' lang='lat' dir='ltr'>hic</span> <span class='ocrx_word' id='word_1_176' title='bbox 866 2810 1004 2892; x_wconf 90' lang='lat' dir='ltr'>amplius</span> <span class='ocrx_word' id='word_1_177' title='bbox 1022 2811 1104 2876; x_wconf 86' lang='lat' dir='ltr'>dico.</span> <span class='ocrx_word' id='word_1_178' title='bbox 1140 2813 1214 2876; x_wconf 91' lang='lat' dir='ltr'>Hoc</span> <span class='ocrx_word' id='word_1_179' title='bbox 1232 2812 1333 2876; x_wconf 91' lang='lat' dir='ltr'>solum</span> <span class='ocrx_word' id='word_1_180' title='bbox 1351 2828 1476 2893; x_wconf 89' lang='lat' dir='ltr'>moneo,</span> 
     </span>
     <span class='ocr_line' id='line_1_22' title="bbox 205 2925 1478 3009; baseline 0 -17"><span class='ocrx_word' id='word_1_181' title='bbox 205 2945 246 2992; x_wconf 88' lang='lat' dir='ltr'>ne</span> <span class='ocrx_word' id='word_1_182' title='bbox 259 2925 424 2992; x_wconf 91' lang='lat' dir='ltr'>silentium</span> <span class='ocrx_word' id='word_1_183' title='bbox 441 2926 569 3009; x_wconf 89' lang='lat' dir='ltr'>quidem</span> <span class='ocrx_word' id='word_1_184' title='bbox 583 2926 623 2992; x_wconf 89' lang='lat' dir='ltr'>de</span> <span class='ocrx_word' id='word_1_185' title='bbox 635 2927 698 2993; x_wconf 90' lang='lat' dir='ltr'>bac</span> <span class='ocrx_word' id='word_1_186' title='bbox 709 2946 745 2992; x_wconf 89' lang='lat' dir='ltr'>re</span> <span class='ocrx_word' id='word_1_187' title='bbox 761 2928 795 2993; x_wconf 91' lang='lat' dir='ltr'>in</span> <span class='ocrx_word' id='word_1_188' title='bbox 810 2931 927 3007; x_wconf 91' lang='lat' dir='ltr'>poetae</span> <span class='ocrx_word' id='word_1_189' title='bbox 943 2927 1140 2992; x_wconf 81' lang='lat' dir='ltr'>carminibus</span> <span class='ocrx_word' id='word_1_190' title='bbox 1153 2927 1244 2993; x_wconf 79' lang='lat' dir='ltr'>exilii</span> <span class='ocrx_word' id='word_1_191' title='bbox 1260 2927 1478 3008; x_wconf 76' lang='lat' dir='ltr'>suspicionem</span> 
     </span>
     <span class='ocr_line' id='line_1_23' title="bbox 207 3041 1479 3126; baseline 0 -18"><span class='ocrx_word' id='word_1_192' title='bbox 207 3041 325 3108; x_wconf 86' lang='lat' dir='ltr'>afferre</span> <span class='ocrx_word' id='word_1_193' title='bbox 354 3061 460 3124; x_wconf 85' lang='lat' dir='ltr'>posse.</span> <span class='ocrx_word' id='word_1_194' title='bbox 506 3042 595 3108; x_wconf 88' lang='lat' dir='ltr'>Nam</span> <span class='ocrx_word' id='word_1_195' title='bbox 623 3061 684 3108; x_wconf 90' lang='lat' dir='ltr'>nec</span> <span class='ocrx_word' id='word_1_196' title='bbox 707 3043 747 3109; x_wconf 92' lang='lat' dir='ltr'>de</span> <span class='ocrx_word' id='word_1_197' title='bbox 772 3042 869 3108; x_wconf 83' lang='lat' dir='ltr'>exilio</span> <span class='ocrx_word' id='word_1_198' title='bbox 895 3061 951 3108; x_wconf 90' lang='lat' dir='ltr'>suo</span> <span class='ocrx_word' id='word_1_199' title='bbox 976 3043 1113 3108; x_wconf 75' lang='lat' dir='ltr'>Traiani</span> <span class='ocrx_word' id='word_1_200' title='bbox 1137 3044 1353 3126; x_wconf 86' lang='lat' dir='ltr'>temporibus,</span> <span class='ocrx_word' id='word_1_201' title='bbox 1383 3062 1479 3124; x_wconf 90' lang='lat' dir='ltr'>quem</span> 
     </span>
     <span class='ocr_line' id='line_1_24' title="bbox 207 3137 1479 3241; baseline 0 -18"><span class='ocrx_word' id='word_1_202' title='bbox 207 3157 470 3241; x_wconf 85' lang='lat' dir='ltr'>Synnerbergius</span> <span class='ocrx_word' id='word_1_203' title='bbox 494 3178 553 3240; x_wconf 90' lang='lat' dir='ltr'>pro</span> <span class='ocrx_word' id='word_1_204' title='bbox 569 3158 761 3224; x_wconf 90' lang='lat' dir='ltr'>Domitiano</span> <span class='ocrx_word' id='word_1_205' title='bbox 778 3137 951 3224; x_wconf 86' lang='lat' dir='ltr'>substituit</span> <span class='ocrx_word' id='word_1_206' title='bbox 962 3155 996 3241; x_wconf 78' lang='lat'>⁶),</span> <span class='ocrx_word' id='word_1_207' title='bbox 1021 3159 1114 3224; x_wconf 88' lang='lat' dir='ltr'>nobis</span> <span class='ocrx_word' id='word_1_208' title='bbox 1137 3158 1313 3225; x_wconf 63' lang='lat' dir='ltr'>«Iuvenalis</span> <span class='ocrx_word' id='word_1_209' title='bbox 1338 3159 1479 3223; x_wconf 89' lang='lat' dir='ltr'>tradidit</span> 
     </span>
     <span class='ocr_line' id='line_1_25' title="bbox 207 3273 1477 3355; baseline -0.002 -16"><span class='ocrx_word' id='word_1_210' title='bbox 207 3279 243 3339; x_wconf 91' lang='lat' dir='ltr'>et</span> <span class='ocrx_word' id='word_1_211' title='bbox 276 3273 403 3338; x_wconf 89' lang='lat' dir='ltr'>omnino</span> <span class='ocrx_word' id='word_1_212' title='bbox 435 3275 565 3355; x_wconf 90' lang='lat' dir='ltr'>saepius</span> <span class='ocrx_word' id='word_1_213' title='bbox 598 3274 638 3339; x_wconf 88' lang='lat' dir='ltr'>de</span> <span class='ocrx_word' id='word_1_214' title='bbox 667 3275 804 3340; x_wconf 88' lang='lat' dir='ltr'>aliorum</span> <span class='ocrx_word' id='word_1_215' title='bbox 838 3292 934 3354; x_wconf 92' lang='lat' dir='ltr'>quam</span> <span class='ocrx_word' id='word_1_216' title='bbox 970 3275 1010 3339; x_wconf 88' lang='lat' dir='ltr'>de</span> <span class='ocrx_word' id='word_1_217' title='bbox 1046 3275 1113 3340; x_wconf 90' lang='lat' dir='ltr'>suis</span> <span class='ocrx_word' id='word_1_218' title='bbox 1141 3277 1239 3340; x_wconf 86' lang='lat' dir='ltr'>rebus</span> <span class='ocrx_word' id='word_1_219' title='bbox 1266 3274 1354 3355; x_wconf 89' lang='lat' dir='ltr'>loqui</span> <span class='ocrx_word' id='word_1_220' title='bbox 1382 3274 1477 3338; x_wconf 87' lang='lat' dir='ltr'>solet.</span> 
     </span>
     <span class='ocr_line' id='line_1_26' title="bbox 207 3389 1478 3473; baseline 0 -18"><span class='ocrx_word' id='word_1_221' title='bbox 207 3389 314 3473; x_wconf 89' lang='lat' dir='ltr'>Adde,</span> <span class='ocrx_word' id='word_1_222' title='bbox 336 3389 420 3469; x_wconf 88' lang='lat' dir='ltr'>quod</span> <span class='ocrx_word' id='word_1_223' title='bbox 432 3389 605 3457; x_wconf 87' lang='lat' dir='ltr'>Martialis</span> <span class='ocrx_word' id='word_1_224' title='bbox 618 3389 749 3470; x_wconf 87' lang='lat' dir='ltr'>quidem</span> <span class='ocrx_word' id='word_1_225' title='bbox 759 3390 799 3456; x_wconf 90' lang='lat' dir='ltr'>de</span> <span class='ocrx_word' id='word_1_226' title='bbox 809 3391 835 3456; x_wconf 86' lang='lat' dir='ltr'>J</span> <span class='ocrx_word' id='word_1_227' title='bbox 837 3393 975 3461; x_wconf 85' lang='lat' dir='ltr'>uvonale</span> <span class='ocrx_word' id='word_1_228' title='bbox 988 3413 1008 3459; x_wconf 95' lang='lat' dir='ltr'>a</span> <span class='ocrx_word' id='word_1_229' title='bbox 1020 3391 1210 3458; x_wconf 90' lang='lat' dir='ltr'>Domitiano</span> <span class='ocrx_word' id='word_1_230' title='bbox 1223 3393 1302 3458; x_wconf 89' lang='lat' dir='ltr'>urbe</span> <span class='ocrx_word' id='word_1_231' title='bbox 1318 3396 1478 3458; x_wconf 87' lang='lat' dir='ltr'>summoto</span> 
     </span>
    </p>
   </div>
   <div class='ocr_carea' id='block_1_3' title="bbox 315 3680 633 3750">
    <p class='ocr_par' dir='ltr' id='par_1_4' title="bbox 315 3680 633 3750">
     <span class='ocr_line' id='line_1_27' title="bbox 315 3680 633 3750; baseline -0.003 -17"><span class='ocrx_word' id='word_1_232' title='bbox 315 3681 338 3748; x_wconf 86' lang='lat'>¹)</span> <span class='ocrx_word' id='word_1_233' title='bbox 365 3680 431 3733; x_wconf 85' lang='lat' dir='ltr'>Vita</span> <span class='ocrx_word' id='word_1_234' title='bbox 448 3680 633 3750; x_wconf 83' lang='lat' dir='ltr'>Kulenlramp.</span> 
     </span>
    </p>
   </div>
   <div class='ocr_carea' id='block_1_4' title="bbox 207 3785 1479 3948">
    <p class='ocr_par' dir='ltr' id='par_1_5' title="bbox 207 3785 1479 3948">
     <span class='ocr_line' id='line_1_28' title="bbox 315 3785 1479 3859; baseline -0.001 -20"><span class='ocrx_word' id='word_1_235' title='bbox 315 3788 338 3856; x_wconf 80' lang='lat'>²)</span> <span class='ocrx_word' id='word_1_236' title='bbox 365 3787 507 3840; x_wconf 74' lang='lat' dir='ltr'>luvenalis</span> <span class='ocrx_word' id='word_1_237' title='bbox 524 3787 639 3858; x_wconf 83' lang='lat' dir='ltr'>Satiren,</span> <span class='ocrx_word' id='word_1_238' title='bbox 657 3787 790 3841; x_wconf 83' lang='lat' dir='ltr'>iibersetzt</span> <span class='ocrx_word' id='word_1_239' title='bbox 807 3789 865 3841; x_wconf 92' lang='lat' dir='ltr'>und</span> <span class='ocrx_word' id='word_1_240' title='bbox 877 3789 1007 3841; x_wconf 77' lang='lat' dir='ltr'>erltutert</span> <span class='ocrx_word' id='word_1_241' title='bbox 1024 3805 1079 3842; x_wconf 85' lang='lat' dir='ltr'>von</span> <span class='ocrx_word' id='word_1_242' title='bbox 1097 3789 1131 3841; x_wconf 88' lang='lat' dir='ltr'>A.</span> <span class='ocrx_word' id='word_1_243' title='bbox 1145 3789 1223 3859; x_wconf 85' lang='lat' dir='ltr'>Bcrg,</span> <span class='ocrx_word' id='word_1_244' title='bbox 1242 3789 1382 3858; x_wconf 85' lang='lat' dir='ltr'>Stuttgart,</span> <span class='ocrx_word' id='word_1_245' title='bbox 1401 3785 1479 3839; x_wconf 88' lang='grc'><strong>1863.</strong></span> 
     </span>
     <span class='ocr_line' id='line_1_29' title="bbox 207 3877 483 3948; baseline -0.007 -16"><span class='ocrx_word' id='word_1_246' title='bbox 207 3879 376 3948; x_wconf 83' lang='lat' dir='ltr'>Einleitung,</span> <span class='ocrx_word' id='word_1_247' title='bbox 395 3894 421 3947; x_wconf 90' lang='lat' dir='ltr'>p.</span> <span class='ocrx_word' id='word_1_248' title='bbox 440 3877 483 3930; x_wconf 81' lang='lat'>18.</span> 
     </span>
    </p>
   </div>
   <div class='ocr_carea' id='block_1_5' title="bbox 314 3983 819 4052">
    <p class='ocr_par' dir='ltr' id='par_1_6' title="bbox 314 3983 819 4052">
     <span class='ocr_line' id='line_1_30' title="bbox 314 3983 819 4052; baseline 0.002 -16"><span class='ocrx_word' id='word_1_249' title='bbox 314 3983 338 4052; x_wconf 81' lang='lat'>³)</span> <span class='ocrx_word' id='word_1_250' title='bbox 366 3984 431 4036; x_wconf 86' lang='lat' dir='ltr'>Vita</span> <span class='ocrx_word' id='word_1_251' title='bbox 448 3983 574 4037; x_wconf 89' lang='lat' dir='ltr'>Probiau.</span> <span class='ocrx_word' id='word_1_252' title='bbox 593 3987 619 4035; x_wconf 89' lang='lat' dir='ltr'>et</span> <span class='ocrx_word' id='word_1_253' title='bbox 637 3983 819 4037; x_wconf 88' lang='lat' dir='ltr'>Henniniana.</span> 
     </span>
    </p>
   </div>
   <div class='ocr_carea' id='block_1_6' title="bbox 209 4089 1482 4250">
    <p class='ocr_par' dir='ltr' id='par_1_7' title="bbox 209 4089 1482 4250">
     <span class='ocr_line' id='line_1_31' title="bbox 316 4089 1482 4162; baseline 0.001 -18"><span class='ocrx_word' id='word_1_254' title='bbox 316 4091 341 4158; x_wconf 84' lang='lat'>¹¹)</span> <span class='ocrx_word' id='word_1_255' title='bbox 370 4092 426 4144; x_wconf 85' lang='lat' dir='ltr'>Sat.</span> <span class='ocrx_word' id='word_1_256' title='bbox 450 4091 509 4161; x_wconf 92' lang='lat' dir='ltr'>XV,</span> <span class='ocrx_word' id='word_1_257' title='bbox 532 4089 646 4142; x_wconf 82' lang='lat'>44-45.</span> <span class='ocrx_word' id='word_1_258' title='bbox 690 4089 729 4144; x_wconf 82' lang='lat' dir='ltr'>Cf.</span> <span class='ocrx_word' id='word_1_259' title='bbox 753 4092 832 4144; x_wconf 86' lang='lat' dir='ltr'>Mart.</span> <span class='ocrx_word' id='word_1_260' title='bbox 857 4093 905 4162; x_wconf 81' lang='lat' dir='ltr'>ap.</span> <span class='ocrx_word' id='word_1_261' title='bbox 924 4093 970 4162; x_wconf 90' lang='lat' dir='ltr'>IV,</span> <span class='ocrx_word' id='word_1_262' title='bbox 989 4093 1038 4145; x_wconf 84' lang='lat'>42:</span> <span class='ocrx_word' id='word_1_263' title='bbox 1071 4095 1208 4160; x_wconf 88' lang='lat' dir='ltr'>nequitias</span> <span class='ocrx_word' id='word_1_264' title='bbox 1232 4093 1314 4145; x_wconf 85' lang='lat' dir='ltr'>tellus</span> <span class='ocrx_word' id='word_1_265' title='bbox 1340 4094 1393 4144; x_wconf 88' lang='lat' dir='ltr'>scit</span> <span class='ocrx_word' id='word_1_266' title='bbox 1417 4093 1482 4145; x_wconf 90' lang='lat' dir='ltr'>dare</span> 
     </span>
     <span class='ocr_line' id='line_1_32' title="bbox 209 4179 1480 4250; baseline -0.004 -16"><span class='ocrx_word' id='word_1_267' title='bbox 209 4182 287 4234; x_wconf 85' lang='lat' dir='ltr'>nulla</span> <span class='ocrx_word' id='word_1_268' title='bbox 311 4181 425 4250; x_wconf 81' lang='lat' dir='ltr'>magis.“</span> <span class='ocrx_word' id='word_1_269' title='bbox 463 4179 532 4232; x_wconf 87' lang='lat' dir='ltr'>Plin.</span> <span class='ocrx_word' id='word_1_270' title='bbox 550 4179 652 4248; x_wconf 84' lang='lat' dir='ltr'>Paneg.</span> <span class='ocrx_word' id='word_1_271' title='bbox 671 4179 719 4231; x_wconf 84' lang='lat'>31:</span> <span class='ocrx_word' id='word_1_272' title='bbox 749 4184 882 4246; x_wconf 82' lang='lat' dir='ltr'>„ventosa</span> <span class='ocrx_word' id='word_1_273' title='bbox 901 4185 929 4232; x_wconf 88' lang='lat' dir='ltr'>et</span> <span class='ocrx_word' id='word_1_274' title='bbox 946 4182 1068 4234; x_wconf 85' lang='lat' dir='ltr'>insolens</span> <span class='ocrx_word' id='word_1_275' title='bbox 1087 4183 1189 4234; x_wconf 84' lang='lat' dir='ltr'>natio.“</span> <span class='ocrx_word' id='word_1_276' title='bbox 1227 4181 1292 4234; x_wconf 88' lang='lat' dir='ltr'>Tac.</span> <span class='ocrx_word' id='word_1_277' title='bbox 1310 4182 1415 4250; x_wconf 85' lang='lat' dir='ltr'>Histl,</span> <span class='ocrx_word' id='word_1_278' title='bbox 1433 4181 1480 4232; x_wconf 89' lang='lat'>11:</span> 
     </span>
    </p>
   </div>
   <div class='ocr_carea' id='block_1_7' title="bbox 211 4269 1479 4430">
    <p class='ocr_par' dir='ltr' id='par_1_8' title="bbox 211 4269 1479 4430">
     <span class='ocr_line' id='line_1_33' title="bbox 211 4269 1479 4340; baseline -0.001 -17"><span class='ocrx_word' id='word_1_279' title='bbox 211 4270 372 4340; x_wconf 83' lang='lat' dir='ltr'>„Aegyptus</span> <span class='ocrx_word' id='word_1_280' title='bbox 387 4270 530 4339; x_wconf 89' lang='lat' dir='ltr'>provincia</span> <span class='ocrx_word' id='word_1_281' title='bbox 631 4269 719 4321; x_wconf 78' lang='lat' dir='ltr'>inscia</span> <span class='ocrx_word' id='word_1_282' title='bbox 736 4269 830 4338; x_wconf 88' lang='lat' dir='ltr'>legum</span> <span class='ocrx_word' id='word_1_283' title='bbox 847 4271 945 4339; x_wconf 85' lang='lat' dir='ltr'>ignara</span> <span class='ocrx_word' id='word_1_284' title='bbox 964 4273 1202 4340; x_wconf 83' lang='lat' dir='ltr'>magistratuum.“</span> <span class='ocrx_word' id='word_1_285' title='bbox 1222 4299 1257 4310; x_wconf 92' lang='lat'>-</span> <span class='ocrx_word' id='word_1_286' title='bbox 1271 4271 1381 4340; x_wconf 82' lang='lat' dir='ltr'>Dbllen,</span> <span class='ocrx_word' id='word_1_287' title='bbox 1419 4271 1479 4323; x_wconf 90' lang='lat' dir='ltr'>Bei-</span> 
     </span>
     <span class='ocr_line' id='line_1_34' title="bbox 211 4357 1328 4430; baseline -0.002 -18"><span class='ocrx_word' id='word_1_288' title='bbox 211 4364 290 4430; x_wconf 81' lang='lat' dir='ltr'>tritge</span> <span class='ocrx_word' id='word_1_289' title='bbox 310 4375 359 4411; x_wconf 86' lang='lat' dir='ltr'>zur</span> <span class='ocrx_word' id='word_1_290' title='bbox 377 4358 469 4411; x_wconf 86' lang='lat' dir='ltr'>Kritik</span> <span class='ocrx_word' id='word_1_291' title='bbox 487 4357 544 4410; x_wconf 88' lang='lat' dir='ltr'>und</span> <span class='ocrx_word' id='word_1_292' title='bbox 562 4357 720 4427; x_wconf 76' lang='lat' dir='ltr'>Erlrlbrung</span> <span class='ocrx_word' id='word_1_293' title='bbox 739 4358 787 4410; x_wconf 86' lang='lat' dir='ltr'>des</span> <span class='ocrx_word' id='word_1_294' title='bbox 806 4358 958 4430; x_wconf 75' lang='lat' dir='ltr'>luvenalis,</span> <span class='ocrx_word' id='word_1_295' title='bbox 976 4359 1063 4429; x_wconf 89' lang='lat' dir='ltr'>Kiew,</span> <span class='ocrx_word' id='word_1_296' title='bbox 1082 4357 1152 4411; x_wconf 82' lang='grc'>1846</span> <span class='ocrx_word' id='word_1_297' title='bbox 1170 4375 1197 4428; x_wconf 91' lang='lat' dir='ltr'>p.</span> <span class='ocrx_word' id='word_1_298' title='bbox 1216 4359 1269 4411; x_wconf 80' lang='lat'>324</span> <span class='ocrx_word' id='word_1_299' title='bbox 1288 4375 1328 4428; x_wconf 91' lang='lat' dir='ltr'>sq.</span> 
     </span>
    </p>
   </div>
   <div class='ocr_carea' id='block_1_8' title="bbox 315 4463 759 4642">
    <p class='ocr_par' dir='ltr' id='par_1_9' title="bbox 315 4463 759 4642">
     <span class='ocr_line' id='line_1_35' title="bbox 317 4463 621 4538; baseline -0.003 -19"><span class='ocrx_word' id='word_1_300' title='bbox 317 4467 340 4534; x_wconf 78' lang='grc'>5)</span> <span class='ocrx_word' id='word_1_301' title='bbox 369 4465 512 4538; x_wconf 87' lang='lat' dir='ltr'>Stampini,</span> <span class='ocrx_word' id='word_1_302' title='bbox 531 4482 558 4536; x_wconf 92' lang='lat' dir='ltr'>p.</span> <span class='ocrx_word' id='word_1_303' title='bbox 578 4463 621 4518; x_wconf 83' lang='lat'>63.</span> 
     </span>
     <span class='ocr_line' id='line_1_36' title="bbox 315 4571 759 4642; baseline -0.002 -16"><span class='ocrx_word' id='word_1_304' title='bbox 315 4571 341 4640; x_wconf 54' lang='grc' dir='ltr'>θ)</span> <span class='ocrx_word' id='word_1_305' title='bbox 369 4573 443 4626; x_wconf 88' lang='lat' dir='ltr'>Libr.</span> <span class='ocrx_word' id='word_1_306' title='bbox 462 4571 536 4626; x_wconf 77' lang='lat' dir='ltr'>laud.</span> <span class='ocrx_word' id='word_1_307' title='bbox 555 4589 583 4642; x_wconf 90' lang='lat' dir='ltr'>p.</span> <span class='ocrx_word' id='word_1_308' title='bbox 603 4572 636 4625; x_wconf 81' lang='lat'>79</span> <span class='ocrx_word' id='word_1_309' title='bbox 656 4588 697 4642; x_wconf 87' lang='lat' dir='ltr'>sq.</span> <span class='ocrx_word' id='word_1_310' title='bbox 715 4572 759 4625; x_wconf 79' lang='lat'>92.</span> 
     </span>
    </p>
   </div>
   <div class='ocr_carea' id='block_1_9' title="bbox 0 0 1641 4994">
    <p class='ocr_par' dir='ltr' id='par_1_10' title="bbox 0 0 1641 4994">
     <span class='ocr_line' id='line_1_37' title="bbox 0 0 1641 4994; baseline 0 0"><span class='ocrx_word' id='word_1_311' title='bbox 0 0 1641 4994; x_wconf 95' lang='lat' dir='ltr'> </span> 
     </span>
    </p>
   </div>
  </div>
 </body>
</html>
