3234 4994
786 1061 868 1146 V.

382 1258 449 1369 lie
487 1256 721 1368 iuvenale
760 1255 824 1368 ah
864 1253 1008 1368 axilio
1049 1281 1277 1368 reverso.

753 1488 912 1506 ΛΑΛΛΜ

302 1613 482 1698 Quaeritur
511 1614 591 1698 iam,
629 1615 755 1696 quondo
787 1615 825 1680 c'a
853 1614 1034 1680 Britannia
1058 1613 1242 1678 militaverit
1270 1609 1464 1678 Jovcaulis?

195 1729 286 1798 Ante
310 1751 352 1797 au
374 1735 451 1813 post
475 1731 607 1797 exilium
632 1729 899 1814 AegyptiacumP
934 1729 1015 1796 Mea
1039 1728 1168 1810 quidem
1198 1727 1365 1796 sententia
1390 1733 1465 1810 post

195 1847 337 1914 exilium.
384 1847 475 1914 Ante
498 1846 681 1914 Domitiani
713 1845 933 1929 principatum
958 1846 1098 1912 Romani
1119 1846 1153 1912 in
1176 1863 1216 1911 ea
1238 1849 1365 1911 tantum
1390 1844 1464 1911 Bri·

194 1963 328 2030 tauniae
345 1970 449 2047 parte,
470 1981 553 2044 quae
569 1963 611 2027 ad
626 1962 792 2028 meridiem
808 1961 925 2045 vergit,
949 1960 1068 2028 bellum
1086 1963 1246 2043 gerebant
1255 1956 1288 2040 ¹).
1323 1962 1464 2028 Ineunte

193 2078 329 2160 imperio
361 2077 545 2144 Domitiani
580 2078 735 2144 maiorem
769 2077 897 2145 insulae
925 2081 1053 2159 partem
1077 2075 1239 2158 Agricola
1266 2076 1393 2144 devicit
1421 2077 1462 2144 ad

194 2195 472 2277 septentrionales
506 2191 704 2260 Caledoniae
741 2193 893 2275 regiones
930 2211 1125 2276 progressus
1136 2187 1172 2277 ²).
1232 2192 1312 2260 Oum
1351 2195 1461 2260 autem
1561 2217 1565 2226 ·

195 2315 237 2376 84
265 2330 297 2394 p.
323 2309 507 2377 chranno
535 2309 682 2392 gentium
710 2309 906 2375 Britanniae
940 2308 1082 2375 domitor
1115 2314 1292 2376 revocatus
1326 2313 1415 2375 esset
1425 2305 1462 2391 ³),

194 2427 370 2493 Juvenalis
393 2444 471 2492 vero
501 2425 650 2490 oculatus
680 2424 776 2490 testis
798 2424 931 2490 Paridis
963 2425 1130 2507 potentiae
1154 2444 1239 2492 anno
1262 2432 1303 2491 83
1328 2444 1361 2507 p.
1385 2424 1462 2492 Chr.

195 2562 215 2608 a
239 2541 429 2608 Domitiano
454 2540 553 2606 occisi
575 2534 742 2624 fuisset⁴),
771 2540 841 2606 fieri
865 2560 929 2607 non
954 2542 1075 2624 potuit,
1108 2541 1157 2607 uti
1181 2540 1342 2625 Agricola
1363 2542 1463 2624 impe·

194 2663 290 2724 rante
317 2657 482 2738 stipendia
510 2662 664 2738 mereret,
701 2674 763 2735 quo
792 2663 947 2725 revocato
977 2658 1197 2724 Romanorum
1225 2656 1260 2723 iu
1288 2656 1461 2724 Britannia

197 2773 280 2839 bella
305 2771 456 2839 confecta
479 2770 685 2838 videbantur.
731 2771 901 2838 Endromis
923 2772 1109 2840 Domitiani
1134 2772 1335 2854 temporibus
1358 2772 1384 2837 J
1386 2791 1461 2838 uve-

193 2890 292 2972 nalis‚
325 2894 363 2954 ut
391 2906 490 2969 supra
517 2886 700 2970 docuimus,
735 2887 926 2971 Aegyptum
962 2888 1129 2954 exulatum
1164 2887 1247 2954 abiit
1258 2883 1294 2971 ⁵).
1347 2887 1463 2956 Nerva

193 3001 376 3085 imperante
411 2999 498 3086 (ann.
528 3001 598 3083 97),
634 3021 706 3067 cum
741 3021 853 3068 omnes
886 3023 906 3070 a
935 3001 1126 3069 Domitiano
1168 3002 1289 3068 iniuste
1320 2999 1463 3084 relegati

195 3125 430 3186 revocarentur
442 3115 483 3201 ⁸),
517 3124 615 3199 poeta
646 3120 781 3184 Romam
816 3118 925 3184 rediit.
973 3116 1166 3184 Miserrima
1198 3124 1276 3184 tunc
1305 3118 1461 3200 temporis

192 3236 219 3301 J
221 3235 370 3303 urenalis
394 3235 536 3301 conditio
559 3234 633 3301 fuit.
679 3233 777 3300 Omni
799 3240 838 3301 ut
861 3234 936 3300 exul
964 3254 1000 3300 re
1028 3233 1184 3301 familiari
1207 3234 1357 3315 privatus
1379 3234 1462 3301 nihil
1544 3294 1548 3304 .

192 3353 272 3436 lere,
297 3372 358 3435 quc
375 3352 478 3419 vitam
495 3357 707 3436 sustentaret,
732 3351 856 3436 habuit,
881 3370 953 3417 cum
969 3349 1139 3432 praedium
1161 3355 1346 3436 paternum,
1371 3352 1462 3418 cuius

192 3469 263 3550 ipse
291 3468 439 3536 meminit
450 3461 492 3552 ⁷),
528 3467 614 3535 haud
648 3467 744 3534 dubie
778 3468 943 3549 direptum
971 3463 1108 3551 esset⁸).
1154 3466 1339 3552 Martialis,
1369 3467 1461 3534 cuius

195 3609 351 3620 n-——n——n

300 3689 323 3756 ¹)
342 3688 440 3757 Imhof,
457 3703 485 3758 p.
503 3686 538 3739 41
558 3702 598 3755 sq.

298 3778 322 3845 ²)
340 3777 408 3830 Ibid.
427 3793 454 3847 p.
472 3775 586 3828 44-45.
622 3777 710 3845 Peter,
728 3793 755 3846 p.
774 3776 835 3829 121.
871 3777 969 3847 Zeller,
986 3793 1012 3846 p.
1030 3775 1090 3829 192.

297 3865 322 3933 ³)
340 3865 438 3919 Imhol'.
457 3882 483 3935 p.
503 3865 545 3918 51.
582 3865 671 3934 Peter,
688 3866 754 3919 ibid.
791 3866 889 3936 Zeller,
906 3866 972 3920 ibid.

296 3954 321 4022 4)
341 3956 410 4008 Vide
429 3971 504 4025 supr.
526 3972 552 4025 p.
571 3954 685 4008 34-37.

297 4043 321 4111 ὓ)
341 4044 409 4096 Vide
428 4062 454 4114 p.
473 4044 508 4097 35
527 4060 568 4113 sq.

296 4131 321 4199 ὓ)
341 4131 380 4185 (ll.
401 4125 476 4202 supr.
494 4150 521 4203 p.
539 4132 583 4186 45.

296 4219 321 4289 1)
341 4223 397 4277 Sat.
410 4223 455 4292 Vl,
474 4223 507 4275 57
520 4222 586 4290 ibiq.
623 4223 770 4292 Weidner,
788 4223 837 4277 ubi
851 4227 942 4277 tamen
959 4223 1028 4277 haec
1047 4229 1112 4278 eunt
1129 4227 1304 4295 corrigenda:
1323 4225 1460 4298 Arpinum

192 4333 224 4357 =
244 4312 399 4382 Aquinum3
417 4311 470 4364 319
489 4335 522 4358 =
542 4312 598 4364 Sat.
617 4313 664 4382 111,
682 4311 742 4368 319.
756 4343 790 4352 —
803 4313 902 4383 Lenia,
921 4314 939 4366 l.
957 4314 976 4366 l.
995 4331 1021 4384 p.
1034 4313 1095 4367 ³23.
1114 4345 1148 4354 -
1168 4315 1352 4387 Syncerberg,
1370 4333 1396 4388 p.
1415 4318 1459 4370 54.

296 4400 320 4462 ὃ)
340 4401 379 4454 Of.
392 4403 466 4454 Suet.
480 4402 562 4454 Dom.
580 4400 629 4453 12:
650 4400 741 4468 „Nihil
752 4404 834 4471 pensi
853 4404 1056 4469 (Domitianus)
1074 4403 1180 4475 habuit,
1201 4407 1267 4473 quin
1279 4406 1460 4476 praedaretur

192 4491 267 4542 omni
285 4491 376 4543 modo.
412 4491 491 4544 Bona
504 4494 631 4543 vivorum
651 4495 678 4544 at
697 4496 868 4544 mortuorum
891 4509 1089 4562 usquequaque
1108 4494 1233 4570 quolibet
1252 4499 1280 4547 et
1298 4500 1459 4549 accusatore

192 4583 220 4632 et
238 4579 351 4632 crimine
370 4580 613 4650 corripiebantur.“
650 4581 746 4651 lmhol,
764 4598 791 4651 p.
810 4582 844 4634 77
863 4598 903 4650 sq.
