3234 4994
836 360 879 420 45

750 443 961 451 ....-.———---

220 567 427 633 librariorum
450 567 616 635 inscitiae
639 568 798 635 vocabulo
823 564 1002 650 „tyranni“
1027 572 1134 633 ortum
1159 571 1257 648 atque
1282 571 1444 634 mutatum
1457 564 1490 651 ¹).

221 683 286 749 Sed
323 689 358 750 ct
392 684 459 750 alia
492 685 579 752 lraurd
614 685 720 751 minus
755 683 872 766 gravia
907 690 1101 766 argumenta
1139 685 1282 767 obstant,
1322 683 1492 765 quominus

221 800 246 865 J
248 801 419 867 uvenalem
444 801 588 867 Traiano
611 801 794 882 imperante
818 801 851 866 iu
876 800 1008 866 exilium
1032 801 1164 866 missum
1188 800 1367 867 credamus.
1413 802 1439 867 J
1441 821 1492 867 am

221 916 336 983 Nerva
351 918 561 999 philosophos
578 937 597 982 a
611 916 801 983 Domitiano
819 917 971 996 expulsos
984 916 1121 981 Romam
1139 918 1179 982 ab
1195 915 1293 982 exilio
1310 916 1491 999 revocavit,

222 1033 389 1099 delatores
428 1035 591 1116 relegamt
602 1027 640 1116 ²).
702 1033 803 1100 InItio
842 1031 980 1099 Traiani
1018 1031 1221 1114 principatus
1261 1031 1494 1114 „spiritumet

223 1150 411 1232 sanguinem
452 1156 486 1216 et
523 1150 663 1230 patriam
709 1154 905 1231 receperunt
952 1145 1082 1214 studia“
1095 1145 1130 1231 ³).
1193 1149 1271 1230 Ipse
1315 1148 1494 1230 imperator

220 1265 409 1332 litterarum
442 1266 553 1331 studia
584 1265 719 1334 fovebat
749 1271 847 1345 atque
882 1266 1087 1346 honestabat,
1123 1264 1338 1330 bibliothecas
1374 1264 1493 1331 consti-

222 1382 335 1446 tuebat
346 1375 390 1463 1);
423 1380 457 1446 in
489 1382 707 1463 philosophos,
744 1387 860 1462 poetas
894 1386 929 1446 et
961 1379 1051 1446 viros
1086 1380 1199 1445 doctos
1232 1399 1267 1446 se
1302 1399 1424 1446 comem
1459 1386 1494 1446 et

221 1495 350 1561 facilem
368 1497 549 1577 praebebat
559 1491 596 1579 ⁵).
644 1496 786 1562 Dicendi
802 1497 938 1562 libertas
954 1495 1049 1562 bonis
1063 1495 1193 1562 reddita
1204 1492 1241 1577 ⁰).
1280 1497 1358 1577 Ipse
1371 1497 1494 1564 Caesar

222 1632 293 1678 cum
309 1613 491 1678 hominibus
509 1613 612 1678 doctis
627 1631 807 1678 sermonem
824 1631 922 1694 saepe
945 1614 1089 1678 hahebat
1100 1605 1136 1694 ⁷).
1171 1611 1293 1678 Exiliis
1309 1613 1492 1695 capitisque

221 1728 487 1795 damnationibus
503 1730 658 1794 bonorum
674 1728 748 1794 finis
765 1728 974 1794 constitutus.
1009 1728 1073 1793 Dio
1085 1727 1346 1812 Ohrysostomus,
1361 1729 1494 1811 Epicte-

220 1851 271 1910 tes
295 1844 353 1910 alii
385 1845 556 1910 clarissimi
586 1843 651 1911 viri
685 1845 743 1909 sub
775 1843 967 1910 Domitiano
1001 1843 1141 1927 relegati
1173 1845 1311 1910 Romam
1346 1853 1492 1914 reuerte-

220 1957 340 2043 runt⁸).
373 1960 594 2041 Scriptoribus
612 1959 753 2025 ronranis
774 1965 841 2024 tum
868 1960 1017 2042 „demum
1034 1959 1135 2025 rediit
1150 1958 1298 2026 animus“
1311 1958 1346 2044 ⁹).
1394 1963 1494 2030 Dela·

222 2082 310 2141 tores
334 2076 387 2142 vel
411 2074 538 2156 expulsi
562 2075 615 2140 vel
640 2075 757 2154 capitis
790 2075 946 2159 damnati,
980 2076 1241 2142 accusationibus
1270 2077 1344 2143 finis
1374 2078 1493 2144 consti-

222 2197 312 2256 tutus
323 2186 372 2274 ¹⁰).
412 2190 564 2256 Moribus
577 2190 787 2256 emendandis
801 2192 972 2257 consulens
987 2190 1152 2257 Traianus
1169 2191 1285 2275 effecit,
1303 2197 1341 2257 ut
1354 2195 1492 2274 populus

223 2308 278 2390 „in
294 2306 503 2388 pantomimis
516 2311 727 2374 aversaretur
743 2312 895 2387 artesque
909 2327 1018 2374 eorum
1036 2303 1228 2373 damnaret“
1241 2303 1290 2390 ¹¹).
1322 2307 1492 2393 „Gloriam

221 2431 330 2488 tamen
353 2423 527 2488 militarem
544 2423 707 2489 civilitate
730 2428 765 2488 et
781 2423 1003 2489 moderatione
1025 2424 1203 2506 superavit,
1229 2424 1353 2490 Rorrrae
1377 2429 1411 2490 et
1432 2445 1492 2508 per

220 2538 407 2618 provincias
431 2540 598 2620 aequalem
623 2558 657 2604 se
683 2539 828 2604 omuibus
852 2539 1018 2622 exhibens,
1055 2539 1176 2605 amieos
1200 2538 1365 2605 salutandi
1392 2558 1492 2607 causa

219 2655 431 2734 frequentans
455 2655 509 2718 uel
532 2657 744 2734 aegrotantes
768 2655 821 2720 vel
851 2673 922 2719 cum
950 2653 1053 2719 festos
1083 2654 1153 2720 dies
1184 2654 1386 2737 habuissent,
1417 2674 1492 2721 oon-

222 2770 311 2838 vivia
343 2789 415 2834 cum
444 2769 559 2834 iisdem
592 2768 771 2834 ludlacreta
802 2769 947 2837 vicissIm
976 2769 1109 2851 habens,
1143 2787 1241 2849 saepe
1264 2769 1298 2834 in
1331 2770 1490 2838 vehiculis

222 2907 332 2953 eorum
358 2887 483 2968 sedens,
508 2887 630 2951 nullum
655 2890 840 2951 senatorum
865 2885 1030 2951 laedens,
1056 2934 1064 2952 .
1090 2937 1096 2950 .
1121 2886 1268 2952 liberalis
1291 2886 1324 2951 in
1342 2894 1487 2972 cunctae,

333 3105 355 3172 ¹)
384 3105 426 3156 Dc
445 3107 555 3156 nomine
568 3105 679 3157 Traiani
697 3106 726 3156 in
746 3105 806 3156 cod.
821 3105 1021 3158 Mediolanensi
1041 3105 1194 3172 (112-353
1214 3108 1264 3173 m.)
1284 3106 1357 3178 apud
1371 3107 1490 3160 Achaim-

223 3197 309 3246 trium
329 3194 423 3263 (Jahn,
442 3212 468 3263 p.
488 3193 553 3262 388)
573 3199 600 3245 et
618 3195 645 3245 in
665 3196 872 3246 recentissimae
891 3197 989 3246 aetatis
1010 3195 1095 3247 schol.
1115 3196 1150 3246 ad
1166 3196 1221 3248 sat.
1241 3196 1300 3266 VII,
1318 3195 1352 3248 93
1372 3198 1492 3264 („codex

222 3284 411 3336 Bibliothecae
436 3285 527 3352 regiae
547 3283 722 3334 Britannicae
748 3282 781 3334 15
800 3283 832 3334 B.
852 3283 941 3335 XVIII
967 3284 1033 3336 olim
1052 3285 1275 3354 Bungarsianus“
1297 3302 1340 3356 ap.
1359 3286 1491 3338 Herman-

221 3390 295 3441 num,
315 3373 357 3425 De
377 3377 428 3425 sat.
449 3377 518 3442 sept.
537 3377 620 3442 temp.
639 3390 665 3441 p.
679 3372 710 3438 9)
729 3377 828 3441 postea
847 3373 940 3425 addito
960 3391 985 3424 v.
1005 3390 1047 3441 ap.
1067 3373 1264 3444 Hermannum,
1282 3376 1300 3428 l.
1315 3376 1333 3427 l.
1347 3393 1373 3445 p.
1386 3375 1429 3446 12,
1449 3377 1490 3429 14.

221 3462 327 3531 Straclr,
346 3481 372 3532 p.
391 3463 433 3515 27.

328 3553 351 3619 “-’)
380 3553 469 3621 Peter,
488 3552 535 3621 Ill,
555 3553 569 3602 2
590 3570 616 3621 p.
636 3551 696 3604 142.
717 3582 746 3590 -
769 3553 868 3623 Zeller,
886 3554 904 3606 l.
924 3553 942 3604 l.
961 3569 987 3621 p.
1007 3552 1066 3604 203.

327 3640 351 3707 ³)
379 3641 448 3694 Plin.
466 3642 532 3696 Pan.
553 3657 574 3694 c.
593 3642 649 3708 47.)

326 3729 350 3795 4)
379 3731 432 3783 Dio
453 3723 528 3783 Cass.
548 3731 668 3800 LXVIII,
687 3729 729 3782 16.

328 3820 351 3885 ⁵)
370 3820 458 3887 Peter,
476 3819 495 3871 l.
515 3821 532 3871 l.
552 3838 578 3888 p.
598 3819 657 3872 158.
677 3849 709 3858 -—
731 3821 827 3889 Zeller,
845 3838 871 3889 p.
891 3819 942 3871 207
961 3824 989 3872 et
1007 3821 1067 3876 215.

327 3908 351 3975 ὓ)
379 3910 457 3977 Plio,
476 3909 525 3978 Ep.
545 3909 592 3978 llI,
611 3909 654 3978 18,
678 3907 706 3961 6:
737 3910 866 3975 ,liberius
885 3910 1003 3978 ideoque
1027 3911 1110 3962 etiam
1129 3910 1260 3962 libentius
1281 3910 1435 3963 scribitur.“
1455 3941 1490 3950 -

221 3999 353 4050 Zellerius
368 4000 398 4064 (l.
413 3999 430 4050 l.
443 4016 470 4068 p.
485 3998 550 4064 202)
564 3999 675 4050 Traiani
689 4003 808 4052 aetatem
820 4001 860 4050 lta
873 3999 979 4050 definit:
1009 3997 1223 4068 ,Panegyriqua
1244 4001 1336 4069 satIre,
1349 3999 1488 4053 histoire.“

222 4087 261 4143 Of.
280 4088 537 4158 Teuffel-Schwabe,
556 4093 570 4153 §
589 4087 650 4157 330,
669 4088 694 4140 3.

327 4175 350 4244 7)
379 4178 475 4246 Zeller,
494 4195 520 4247 p.
540 4177 591 4228 215
611 4193 651 4245 sq.
670 4177 731 4229 224.

326 4265 350 4333 ⁸)
379 4268 477 4337 Zeller,
495 4285 521 4336 p.
540 4266 600 4319 216.

326 4354 349 4424 ⁹)
378 4357 442 4409 Tac.
462 4356 529 4426 Agr.
549 4374 571 4409 c.
590 4357 605 4407 2
626 4361 653 4409 et
671 4356 696 4408 3.

316 4445 350 4512 10)
378 4447 465 4514 Peter,
483 4463 510 4515 p.
531 4445 752 4515 148,Ze11er,p.
772 4445 832 4497 209.
871 4444 909 4499 Os.
929 4462 954 4514 p.
975 4444 1035 4497 206.

317 4535 351 4602 ¹¹)
378 4535 447 4588 Plin.
465 4536 566 4604 Paneg.
586 4551 608 4588 c.
626 4532 670 4586 46.
