3234 4994
787 385 829 443 40

699 469 910 477 -—-.....-.....-..

169 587 515 674 restringunt“¹)....
564 591 675 674 Adde,
713 592 797 673 quod
833 611 951 676 poena,
990 611 1084 672 quam
1121 591 1223 656 subiit
1252 592 1437 674 luvenalis,

170 708 310 788 speciem
327 706 435 787 potins
451 708 583 772 honoris
600 707 762 789 militaris,
788 726 882 787 quam
899 707 990 773 exilii
1009 709 1063 774 vel
1086 707 1300 790 relegationis
1324 707 1440 773 habuit

168 843 229 888 nec
269 822 450 905 longinqua
477 827 536 888 aut
561 823 656 888 nimis
683 823 822 888 molesta
852 822 955 888 fuisse
984 823 1123 890 videtur.
1170 821 1275 906 Quam
1304 824 1344 888 ob
1372 842 1438 887 rem

171 959 243 1005 cnm
273 939 408 1008 Nervae
436 939 625 1020 principatu
649 940 785 1005 Romam
814 939 955 1004 redisset
983 943 1095 1020 poeta,
1125 958 1187 1003 nec
1216 937 1279 1018 ipsi
1308 937 1438 1003 exilium

173 1058 276 1122 malos
312 1060 448 1123 eventus
482 1056 560 1121 tulit
591 1075 651 1120 nec
682 1055 716 1120 id
751 1056 838 1120 circo
877 1055 1052 1120 amicorum
1082 1055 1146 1120 init
1174 1075 1246 1120 eum
1278 1055 1438 1120 miserari.

170 1170 295 1255 Quibus
319 1174 416 1237 rebus
433 1176 467 1237 ct
483 1171 677 1253 scriptorum
696 1170 854 1237 Juvenali
879 1171 1063 1251 aequalium
1087 1171 1253 1236 silentium
1277 1171 1316 1236 de
1341 1170 1439 1235 exilio

169 1288 268 1354 facile
292 1287 477 1369 explicatur
501 1293 536 1352 et
559 1286 701 1352 fortasse
725 1286 787 1351 buo
804 1290 995 1366 spectantes
1012 1287 1197 1352 sententiae
1213 1287 1439 1367 discrepantes

171 1404 380 1485 antiquarum
408 1405 561 1471 vitarum.
609 1403 674 1470 Sed
702 1404 783 1469 baec
812 1405 981 1471 hactenus.
1029 1405 1080 1470 De
1105 1405 1341 1489 Synnerbergii
1371 1426 1442 1470 sen-

171 1521 287 1604 tentia,
305 1521 486 1603 „neminem
502 1519 600 1586 iacile
618 1520 681 1586 sibi
697 1539 939 1603 persuasurum,
955 1526 1084 1602 poetam
1103 1521 1264 1587 acerrimo
1278 1521 1311 1586 in
1329 1527 1441 1603 tyran-

171 1658 246 1704 num
271 1638 343 1704 odio
368 1639 501 1703 ductum
526 1637 649 1720 omnia,
679 1657 762 1718 quae
792 1639 834 1702 ad
862 1656 969 1702 mores
993 1637 1064 1704 eius
1088 1639 1269 1719 carpendos
1293 1637 1441 1720 vitiaque

172 1753 375 1819 ostendenda
401 1752 562 1835 valerent,
593 1772 656 1818 non
685 1772 808 1819 summo
839 1752 946 1820 studio
971 1760 1177 1834 arrepturum
1207 1749 1345 1836 esse²)“,
1371 1755 1440 1836 lroc,

173 1870 296 1950 opinor,
321 1868 430 1934 dicere
454 1874 507 1935 sat
530 1870 603 1950 erit,
627 1870 827 1936 Juvenalem
850 1890 914 1936 non
939 1869 1129 1936 historicum
1147 1889 1228 1952 esse,
1253 1869 1310 1934 sed
1331 1869 1441 1935 satiri-

173 2004 245 2050 cum
277 1985 484 2067 scriptorem,
515 1987 607 2052 cuius
636 2005 700 2052 non
730 1993 797 2052 tam
827 1992 879 2052 est
908 1986 1109 2069 singulorum
1138 1986 1222 2053 vitia
1246 1986 1441 2070 describere,

174 2114 269 2175 quam
292 2093 326 2157 in
350 2093 539 2160 uuiversum
563 2094 710 2174 perditos
734 2094 856 2160 aetatis
880 2113 959 2160 suae
982 2112 1089 2159 mores
1119 2094 1310 2176 castigando
1335 2113 1444 2159 emen-

173 2207 302 2293 dare³).
354 2210 407 2276 Ac
439 2228 545 2275 nonne
577 2210 659 2276 satis
694 2209 803 2274 odium
837 2229 929 2275 suum
959 2210 993 2274 in
1023 2210 1248 2275 Domitianum
1272 2209 1441 2294 patefecit,

175 2346 246 2392 cnm
279 2326 312 2392 in
348 2325 460 2392 satiris
493 2331 611 2406 quarta
644 2329 678 2390 et
711 2325 854 2392 secunda
882 2326 916 2391 in
943 2326 1121 2406 nequitiam
1150 2326 1443 2406 crudelitatemque

174 2441 308 2523 tyranni
325 2461 449 2508 summa
465 2461 537 2506 cum
554 2440 780 2522 indignatione
797 2435 1067 2522 invenerant?
1102 2443 1274 2507 Postremo
1287 2441 1443 2508 Straokio

176 2557 462 2624 contradicendum
491 2561 557 2638 est,
586 2555 657 2639 qui,
682 2556 849 2622 Franckio
878 2563 1058 2637 praeeunte
1069 2552 1109 2639 ⁵),
1140 2557 1229 2622 exilii
1253 2557 1373 2622 lamam
1397 2559 1444 2623 nil

176 2675 241 2740 nisi
263 2678 413 2742 veterum
443 2673 696 2739 scholiastarum
726 2680 941 2740 commentum
972 2671 1202 2756 arbitrat.ur⁶).
1249 2675 1289 2739 Iu
1312 2673 1444 2740 ratioci-

176 2791 365 2860 nationibus
389 2791 456 2857 suis
480 2796 514 2857 et
537 2789 736 2874 coniecturis
758 2792 853 2856 homo
877 2791 992 2856 doetus
1014 2791 1138 2873 ingenii
1162 2789 1211 2855 sui
1233 2790 1384 2856 acumina
1406 2808 1444 2854 eo

177 2907 336 2990 imprimis
359 2905 519 2989 intendit,
544 2912 580 2972 nt
603 2907 650 2987 id,
676 2906 848 2987 quodiam
871 2907 997 2987 pridem
1020 2907 1238 2984 Duentzerus,
1264 2905 1444 2987 Remmius,

177 3023 365 3090 Franckius
382 3021 626 3088 somniaverant
638 3016 674 3105 ⁷),
700 3021 950 3104 demonstraret,
975 3022 1172 3086 Probianam
1194 3021 1340 3102 aliasque
1356 3021 1445 3087 vitas

178 3161 219 3207 ex
254 3139 448 3221 quibusdam
483 3138 629 3221 singulos
665 3138 841 3204 satirarum
877 3137 1052 3204 Juvenalis
1087 3139 1175 3202 locos
1206 3137 1446 3216 interpretandi

179 3256 400 3321 conaminibus
424 3259 515 3319 ortas
549 3258 583 3320 et
607 3253 764 3320 conflatas
788 3250 910 3335 esse⁸).
958 3253 1009 3318 Ac
1032 3273 1150 3319 revera
1172 3253 1357 3336 negandum
1380 3271 1444 3316 non

179 3378 249 3454 est,
286 3371 442 3436 nonnulla
477 3389 559 3450 quae
594 3369 628 3435 iu
650 3365 743 3452 [vitis
777 3370 931 3452 leguntur
961 3389 1001 3434 ex
1030 3370 1172 3449 antiquis
1202 3367 1446 3434 commentariis

177 3489 231 3555 vel
265 3487 595 3567 interpretationibus
629 3485 831 3569 singulorum
854 3485 1030 3551 Juveualis
1058 3503 1209 3552 versuum
1239 3484 1336 3550 facile
1366 3483 1446 3548 oriri

285 3669 307 3736 ¹)
336 3669 413 3739 ibid,
433 3669 504 3738 XVI,
523 3667 565 3720 16.

283 3759 307 3825 ²)
335 3759 377 3811 De
397 3758 577 3827 temporibus,
595 3774 622 3827 p.
641 3756 683 3810 86.

283 3847 307 3914 ³)
337 3847 376 3902 Oi.
397 3851 466 3900 oret.
486 3863 585 3915 meam,
610 3847 668 3912 „De
692 3849 818 3915 eoquod
844 3863 981 3900 summum
1007 3852 1049 3899 est
1073 3849 1102 3899 in
1126 3850 1217 3900 satiris
1239 3847 1446 3900 iuvenaliauis“

176 3943 206 3991 in
224 3939 404 3990 universitate
424 3936 619 3989 Obarcoviensi
637 3936 768 3988 habitam.
806 3936 1020 4005 Voronescbiae,
1039 3935 1108 3988 1876
1126 3952 1152 4004 p.
1172 3938 1197 3988 5.

283 4025 307 4093 ¹¹)
336 4025 467 4092 Doetsclr,
491 4025 609 4077 Juvenal
634 4027 678 4076 ein
703 4025 896 4077 Sittenriclrtcr
921 4027 1011 4077 seiner
1033 4026 1101 4093 Zeit,
1127 4007 1341 4096 Leipzig,'1874
1359 4042 1385 4093 p.
1404 4025 1448 4097 39,

177 4116 220 4185 48,
239 4117 282 4183 55,
301 4113 344 4167 56.
382 4114 422 4167 Of.
442 4114 675 4167 Commentarium
694 4130 788 4167 meum
805 4117 834 4166 in
852 4114 950 4167 Juven.
965 4116 1078 4167 satiram
1092 4116 1241 4168 secundam
1256 4116 1364 4185 (ffiypn.
1377 4116 1448 4172 Mun.

178 4205 246 4273 Hap.
266 4203 316 4273 llp.
337 4202 408 4254 1876
426 4203 471 4258 Nr.
492 4203 522 4269 2)
541 4221 567 4273 p.
587 4201 629 4254 63.

286 4291 308 4358 ⁵)
338 4292 436 4343 Exam.
457 4293 590 4360 criticum,
608 4308 634 4361 p.
654 4291 687 4343 42
709 4307 748 4360 sq.

283 4379 308 4448 ὓ)
337 4381 379 4433 De
399 4381 492 4450 exilio,
510 4397 536 4450 p.
556 4380 599 4432 10.

284 4468 307 4538 ⁷)
338 4469 376 4523 Oi.
397 4487 484 4541 supa,
502 4487 529 4540 p.
548 4471 573 4522 2.

282 4557 306 4629 8)
333 4560 448 4615 Ibidem.
