3234 4994
766 351 806 410 28

153 557 237 623 torio
261 555 394 624 recitati
409 559 505 623 11111
514 551 548 642 ¹),
572 556 687 624 deinde
703 575 791 642 vero,
816 559 875 625 sub
892 553 1080 642 Traiano²),
1104 557 1262 640 septimae
1283 559 1417 643 satirae,

153 671 188 738 in
212 691 275 754 qua
298 691 383 739 nunc
406 670 582 757 exstant³)‚
606 672 724 741 inserti
748 679 834 742 sunt.

259 789 314 854 Ex
336 788 387 856 his
410 789 558 856 omnibus
581 790 777 858 testimoniis
801 791 998 874 gravissima
1013 790 1055 858 ad
1071 795 1198 872 tempus
1214 789 1306 858 exilii
1327 796 1418 857 recte

156 905 372 974 definiendum
394 906 516 973 mentio
554 905 765 991 ,‚histrionis“
801 908 855 977 vel
891 907 1101 991 „pantomimi
1134 902 1289 973 Paridis“
1323 906 1417 973 nobis

155 1021 297 1090 videtur.
342 1021 418 1088 Hoo
441 1022 526 1088 enim
549 1042 674 1105 nomen,
699 1023 887 1090 testimonio
902 1021 1109 1105 Apollinaris
1123 1021 1249 1088 Sidonii
1273 1041 1417 1106 compro·

153 1132 310 1222 batum4),
336 1138 447 1204 eadem
473 1138 600 1222 antiqui
622 1138 723 1207 fontis
745 1139 900 1224 vestigia,
929 1159 1011 1222 quae
1035 1158 1136 1221 supra
1158 1137 1416 1223 observavimus

154 1275 234 1337 prae
258 1273 293 1322 66
316 1256 403 1322 terre
425 1255 569 1324 videtur.
614 1255 679 1323 Sed
702 1275 775 1323 cum
797 1257 858 1322 duo
882 1256 1074 1338 pantomimi
1097 1255 1244 1339 ParideS,
1274 1273 1358 1322 unus
1381 1257 1416 1321 in

154 1370 281 1438 deliciis
304 1371 390 1453 apud
413 1371 588 1454 Neronem,
624 1371 709 1438 alter
738 1407 780 1418 —
811 1372 898 1455 apud
920 1373 1155 1456 Domitianum,
1188 1377 1416 1457 memorentur,

156 1487 294 1569 primum
317 1487 352 1552 11
376 1506 414 1553 eo
437 1487 624 1571 ambigitur,
647 1494 722 1554 uter
736 1487 794 1554 ille
809 1488 907 1555 Paris
930 1487 1053 1555 fuerit?
1076 1489 1160 1554 Tum
1179 1485 1419 1554 Omniboniana

156 1601 229 1670 vita
251 1604 484 1688 relegationem
506 1607 626 1686 poetae
648 1603 691 1670 ad
714 1604 850 1672 Traiani
878 1609 1027 1687 tempora
1047 1603 1161 1687 refert,
1196 1604 1230 1670 in
1252 1603 1419 1670 Probiana

156 1738 235 1788 vero
259 1724 293 1786 61
307 1719 491 1787 Bodleiana
512 1720 634 1787 nullum
657 1720 865 1803 imperatoris
880 1739 996 1786 nomen
1013 1723 1133 1803 exstat,
1158 1738 1258 1802 quare
1274 1719 1419 1786 homines

156 1834 245 1902 docti
267 1835 332 1902 iam
354 1835 429 1901 inde
465 1856 485 1903 a
517 1835 691 1903 Oalderiuo
702 1831 739 1922 ⁵),
775 1833 980 1922 salutant),
1017 1829 1224 1914 Dodwello⁷)
1258 1836 1292 1900 iu
1327 1833 1418 1900 exilii

157 1955 290 2017 auctore
314 1949 494 2017 definiendo
517 1951 615 2021 valde
638 1952 836 2034 discrepant.
875 1951 931 2019 Sic
953 1952 1011 2020 alii
1026 1952 1201 2034 Neronem,
1226 1951 1283 2017 alii
1305 1951 1418 2016 Domi-

155 2067 290 2151 tianum,
315 2066 373 2133 alii
389 2067 567 2134 Traianum
582 2066 637 2136 vel
652 2067 858 2135 Hadrianum
874 2069 1101 2151 praetulerunt
1109 2064 1146 2150 ⁸),
1169 2085 1230 2134 161
1245 2065 1418 2131 defuerunt

157 2183 212 2265 qni
235 2182 326 2249 nulla
357 2182 484 2250 ratione
506 2182 651 2251 vitarum
685 2184 927 2265 testimoniique
949 2182 1155 2266 Apollinaris
1188 2181 1301 2248 habita
1335 2180 1417 2246 cele·

157 2298 331 2364 berrimam
353 2297 443 2365 illam
478 2299 537 2384 ,,16
561 2295 680 2366 exilio“
716 2300 937 2379 quaestionem
971 2299 1053 2365 nihil
1088 2317 1160 2365 esse
1186 2297 1251 2364 nisi
1273 2296 1416 2362 fabulam

156 2413 265 2480 fictam
301 2418 335 2480 61
368 2414 624 2480 commenticiam
659 2415 882 2481 demonstrare
916 2419 1111 2482 conarentur
1120 2411 1157 2498 ⁰).
1209 2411 1320 2494 Atque
1355 2412 1416 2476 hoo

158 2527 287 2611 quidem
314 2529 430 2613 negari
457 2549 522 2598 uon
549 2535 669 2612 potest,
705 2529 927 2597 difficillimum
952 2549 1023 2597 esse
1046 2531 1130 2596 hanc
1153 2534 1211 2596 aut
1232 2528 1322 2594 illam
1346 2545 1417 2594 sen·

155 2645 292 2712 tentiam
314 2647 464 2730 probare,
488 2647 694 2728 praesertim,
718 2646 747 2713 si
771 2647 966 2731 consideres,
994 2647 1028 2713 in
1051 2646 1162 2712 satiris
1184 2643 1417 2711 Juvenalianis

155 2761 245 2828 nulla
279 2761 369 2829 exilii
392 2761 567 2829 manifesta
590 2767 722 2829 exstare
755 2762 954 2830 testimonia.
1001 2761 1054 2830 Ac
1076 2762 1155 2829 mihi
1183 2761 1311 2843 quidem
1333 2760 1418 2825 hanc

157 2878 379 2958 quaestionem
397 2877 585 2962 diligentius
602 2879 797 2961 expendenti
812 2878 1075 2961 probatissimum
1092 2895 1219 2958 semper
1234 2875 1417 2958 videbatur,

155 2992 197 3058 ad
221 2993 305 3061 hanc
327 3013 397 3060 rem
419 2992 652 3061 enucleandam
675 2995 967 3077 stabiliendamqne
994 2992 1184 3062 testimonia
1211 2993 1418 3073 antiquarum

155 3109 299 3176 vitarum
323 3127 362 3175 11
385 3109 640 3191 disceptationes
657 3109 697 3175 de
713 3110 888 3177 Juvenalis
911 3111 1088 3178 carminum
1111 3114 1312 3193 temporibus
1331 3115 1419 3181 haud

157 3225 313 3292 sufficere.
363 3226 431 3292 Res
460 3225 539 3292 mihi
566 3224 665 3292 aliter
695 3225 898 3307 expedienda
926 3226 1065 3311 videtur,
1095 3228 1244 3295 nimirum
1268 3229 1417 3316 11161116,

157 3345 195 3407 11
216 3341 265 3408 ita
287 3340 403 3425 dicam,
437 3341 618 3408 rationibus
640 3341 794 3425 vitarum,
830 3341 1009 3424 dequibus
1038 3362 1138 3425 supra
1159 3344 1263 3412 locuti
1297 3365 1416 3430 sumus,

263 3535 286 3603 ¹)
315 3537 432 3606 „Magna
455 3537 609 3604 frequentia
639 3552 794 3606 magnoque
825 3552 955 3590 61116661
981 3536 1025 3590 116
1051 3553 1083 3590 11
1106 3541 1150 3590 161
1172 3539 1282 3591 auditus
1308 3543 1366 3592 est“
1390 3542 1419 3592 in

157 3624 296 3677 nonnullis
315 3625 378 3678 vitis
391 3625 523 3693 legimns.

262 3714 286 3780 ²)
314 3713 354 3767 cf.
372 3729 446 3782 supr.
464 3731 491 3783 p.
509 3713 622 3767 19-22.

262 3801 286 3871 ³)
313 3803 375 3855 Vre.
394 3802 512 3855 90-92:
538 3803 636 3870 „Quod
654 3819 709 3856 non
734 3804 799 3856 dent
816 3818 954 3873 proceres,
978 3803 1054 3856 dabit
1071 3803 1184 3856 histrio:
1207 3807 1238 3856 tu
1262 3804 1419 3859 Camerinos

157 3893 194 3945 Et
211 3892 337 3962 Baream,
359 3897 390 3944 tu
413 3892 547 3946 nobilium
570 3909 671 3962 magna
693 3895 764 3945 atria
792 3895 892 3946 curas?
914 3894 1067 3962 praefectos
1093 3893 1211 3963 Pelopea
1232 3895 1306 3964 facit,
1329 3895 1420 3948 Philo·

157 3983 230 4035 mela
248 3981 398 4036 11111166.α

261 4069 287 4137 ⁴)
307 4068 346 4123 cf.
366 4085 439 4139 supr.
457 4087 484 4139 p.
503 4069 616 4122 11-12.

261 4158 285 4229 ⁵)
311 4159 343 4210 In
363 4158 686 4213 6111111611116161.
707 4158 784 4211 1475.

266 4245 291 4315 ⁶)
318 4248 388 4300 Plin.
407 4247 604 4300 Exercitation.
623 4249 652 4300 in
671 4248 758 4300 Solini
775 4248 907 4314 Polyhist.
926 4247 957 4300 T.
975 4247 996 4317 1,
1014 4266 1039 4318 p.
1059 4247 1119 4303 449.

262 4335 287 4403 ⁷)
313 4337 436 4389 Annales
455 4335 599 4406 Velleiani,
619 4335 805 4404 Quintilianei,
825 4337 949 4406 Statiani,
971 4336 1059 4390 Oxou.
1081 4336 1151 4389 1698
1169 4354 1195 4406 p.
1215 4336 1274 4389 161.

264 4427 287 4491 ⁸)
316 4425 355 4478 cf.
374 4425 521 4495 Hermann,
539 4425 582 4478 De
601 4431 652 4479 eat.
672 4431 741 4495 sept.
760 4431 854 4498 temp,
873 4443 900 4496 p.
919 4426 935 4478 3
954 4431 982 4478 et
1000 4424 1025 4479 4.

263 4511 288 4581 9)
316 4513 354 4567 (if.
374 4529 459 4585 supra
475 4531 502 4585 p.
521 4515 536 4566 2
557 4531 619 4568 ann.
638 4515 716 4568 2-5.
