3234 4994
817 440 856 501 18

730 525 939 533 ——--—-.-

208 645 375 714 dubitavit
388 641 422 730 ¹).
469 647 648 714 8111111111
670 653 863 730 argumenta
885 648 927 714 ad
949 647 1032 713 hanc
1056 650 1249 715 sententiam
1266 650 1468 732 probandam

206 761 345 844 protulit
360 765 395 830 et
411 762 519 829 omnia
534 781 572 828 eo
590 763 719 848 ducunt,
737 769 775 830 ut
789 764 816 829 J
816 765 964 833 uveualis
986 764 1051 830 iam
1071 763 1260 831 Domitiano
1284 765 1467 848 imperante

206 879 354 959 poeticae
387 897 518 960 operam
550 881 724 947 novaverit
754 880 939 963 primasque
969 881 1089 947 satiras
1118 899 1182 946 non
1203 887 1280 962 post
1305 889 1366 948 107
1392 901 1465 948 ann.

207 994 264 1060 sed
291 998 368 1061 1111
395 995 455 1060 hoc
483 1000 609 1077 tempus
641 996 674 1062 iu
702 997 806 1063 lucem
834 997 1018 1079 protulerit.
1066 995 1159 1082 Quod
1186 1002 1224 1062 ut
1252 997 1317 1064 iam
1347 998 1383 1064 O.
1408 1001 1464 1066 Fr.

206 1105 469 1188 Hermonnum2)
499 1112 645 1193 aliosque
668 1111 831 1196 omittam,
859 1113 947 1179 haud
969 1113 1081 1179 multis
1106 1116 1183 1179 ante
1206 1113 1301 1180 cunis
1325 1112 1468 1196 Syncer-

205 1228 335 1311 bergius
359 1225 643 1307 demonstravit³).
691 1227 801 1312 Adde,
831 1228 916 1309 quod
944 1230 982 1295 de
1011 1229 1132 1311 duplici
1156 1229 1331 1296 satirarum
1355 1249 1467 1295 recen-

207 1344 305 1427 sione,
331 1362 426 1424 quam
448 1348 581 1425 praeter
605 1337 831 1428 Teuffelium4)
856 1350 890 1412 et
909 1341 1166 1429 Ribbeckium⁵),
1190 1346 1466 1413 Friedlaenderus

205 1460 344 1541 probare
361 1460 493 1527 videtur
506 1455 543 1541 ⁰),
568 1459 708 1542 eogitari
724 1461 845 1541 nequit.
882 1461 916 1526 N
919 1480 969 1526 am
989 1460 1129 1542 primum
1145 1461 1185 1526 de
1202 1462 1307 1528 altera
1323 1461 1465 1528 editione

206 1577 291 1658 apud
328 1575 480 1657 antiquos
512 1576 614 1642 altum
646 1576 810 1642 silentium
839 1582 907 1657 est,
943 1595 1014 1641 cum
1043 1576 1135 1642 vitae
1158 1578 1465 1674 Kulenkampianae

204 1694 322 1760 uerba:
349 1693 402 1776 „iu
427 1691 523 1759 exilio
548 1691 721 1773 ampliavit
737 1693 857 1758 satiras
878 1696 912 1756 et
926 1692 1081 1773 pleraque
1097 1691 1270 1777 mutavit“,
1295 1694 1334 1760 de
1351 1695 1465 1775 quibus

205 1829 304 1891 supra
334 1809 434 1874 locuti
463 1826 572 1874 sumus
584 1800 619 1892 ⁷),
656 1809 719 1875 hue
750 1828 813 1874 non
846 1812 1005 1889 spectent.
1064 1808 1146 1874 Tum
1180 1811 1301 1875 nullam
1335 1829 1465 1878 eausam

204 1925 344 2008 invenio,
370 1925 576 2005 quamobrem
600 1944 653 1991 res
669 1925 695 1990 J
696 1925 910 1991 iuvenalianae
934 1924 1054 2005 duplici
1078 1924 1253 1990 satirarum
1276 1927 1465 1992 recensione

205 2037 458 2124 (111111111118).
506 2039 621 2126 „Quod
645 2040 672 2106 si
694 2040 825 2124 passim,
857 2044 895 2105 ut
917 2045 1007 2106 recte
1031 2039 1219 2120 Stampinus
1241 2042 1373 2122 monuit,
1399 2041 1466 2121 qui-

204 2155 338 2221 busdam
361 2154 537 2221 satirarum
554 2155 635 2220 locis
652 2157 809 2222 molestae
831 2155 1044 2235 repetitiones
1065 2159 1248 2234 occurrunt,
1274 2175 1330 2220 eas
1353 2161 1463 2220 tamen

205 2269 415 2337 aJovenelis
438 2270 568 2354 ingenio
592 2270 723 2336 minime
746 2272 920 2336 abhorrere
943 2269 1110 2352 iudicabit,
1136 2269 1191 2349 qui
1213 2275 1341 2350 poetam
1358 2271 1460 2334 consi-

204 2385 298 2453 deret
332 2387 465 2451 multum
502 2386 537 2452 in
571 2385 858 2452 declamationibus
893 2389 1061 2452 versatum
1097 2385 1157 2450 sibi
1187 2391 1369 2467 temperare
1398 2404 1461 2450 non

204 2502 349 2582 potuisse
378 2501 455 2583 quin
484 2501 641 2568 tumidum
670 2507 704 2568 et
733 2501 903 2568 luxurians
934 2501 1096 2567 scribendi
1124 2520 1225 2584 genus
1250 2520 1346 2583 saepe
1370 2520 1462 2568 usur-

203 2614 365 2698 pared‘b.
404 2619 482 2685 Jam
507 2618 535 2683 si
559 2617 808 2702 consideremus,
834 2617 1030 2684 Juvenalem
1055 2618 1194 2683 omnium
1216 2617 1286 2683 fere
1309 2618 1460 2700 vitarum,

204 2737 341 2813 excepta
356 2733 647 2815 Kulenkampiana
669 2738 703 2800 et
718 2732 893 2817 Vaticana,
918 2752 1076 2800 censensu
1088 2728 1142 2816 ¹⁰),
1167 2734 1209 2799 ad
1232 2733 1369 2800 mediam
1392 2733 1462 2799 fere

204 2852 344 2912 aetatem
380 2845 414 2930 (i.
440 2868 467 2914 e.
498 2849 540 2915 ad
566 2853 608 2914 40
639 2849 729 2916 vitae
759 2846 889 2931 annum)
920 2849 1133 2930 declamasse,
1168 2850 1349 2930 imperante
1382 2868 1460 2916 uero

204 2961 392 3028 Domitiano
425 2959 513 3044 (ann.
544 2962 690 3046 82-96)
718 2963 873 3046 primum,
908 2968 946 3029 ut
974 2963 1040 3029 iam
1070 2983 1169 3046 supra
1196 2965 1391 3048 monuimus,
1420 2965 1462 3030 ad

203 3077 350 3158 poeticen
380 3098 415 3143 se
444 3079 634 3161 contulisse,
667 3079 810 3144 natalem
837 3083 969 3162 poetae,
1000 3098 1064 3144 non
1095 3079 1137 3144 ad
1160 3081 1395 3163 sexagesimos,
1424 3084 1462 3144 ut

204 3192 276 3259 vult
292 3193 576 3277 Friedlaenderus,
600 3193 657 3260 sed
681 3193 722 3260 ad
746 3192 1011 3278 quadragesimos
1028 3214 1130 3261 annos
1153 3202 1227 3276 post
1243 3195 1318 3262 Obr.
1335 3195 1461 3262 referas

202 3327 335 3374 necesse
358 3309 432 3375 erit.

308 3423 423 3491 Aede
447 3424 644 3506 temporibus
674 3427 828 3492 librorum
852 3429 890 3493 ΙΙ
920 3432 953 3492 11
975 3429 1032 3494 ΠΙ
1055 3427 1343 3494 Friedlaenderum
1374 3428 1460 3494 haud

204 3548 292 3608 recte
316 3543 502 3622 coniecisse,
526 3543 605 3608 mihi
628 3561 817 3623 persuasum
842 3545 953 3610 habeo.
1011 3547 1063 3610 De
1087 3521 1210 3610 satirae
1233 3550 1347 3611 sextae
1380 3550 1460 3609 tem·

309 3709 503 3780 Uleb

308 3800 331 3866 Ζ)
360 3801 400 3852 De
420 3801 495 3852 satir.
515 3801 648 3868 septimae
667 3801 844 3872 temporibus,
863 3817 888 3868 p.
908 3798 1020 3851 19-20,

307 3887 571 3958 bllpwm.

307 3976 331 4046 4)
359 3979 474 4030 Studien
492 3979 549 4030 und
568 3977 827 4049 Charakteristiken,
846 3980 964 4048 Leipzig,
983 3977 1051 4029 1871
1070 3995 1096 4046 p.
1115 3976 1262 4030 424-434.

308 4067 332 4134 5)
358 4067 498 4120 luvenalis
523 4075 607 4120 satur.
632 4068 673 4120 ed.
693 4072 859 4138 stereotypa,
883 4069 1000 4138 Lipsiae,
1024 4066 1092 4118 1859
1115 4068 1200 4136 praef.
1225 4084 1252 4136 p.
1270 4065 1329 4118 XII.
1350 4095 1380 4104 -
1404 4065 1461 4118 Der

203 4158 281 4210 echte
299 4157 356 4209 und
374 4157 422 4209 der
440 4157 556 4209 unechte
574 4157 701 4227 Juvenal,
719 4157 821 4227 Berlin,
839 4157 908 4210 1865
926 4174 952 4226 p.
972 4156 1083 4208 72-73.

306 4244 331 4312 ⁶)
358 4246 426 4300 lbid.

359 4335 418 4388 Vid.
437 4353 462 4405 p.
481 4334 559 4387 8-9.

306 4332 317 4366 a

307 4338 331 4491 ⁸}
360 4424 399 4479 Cf.
418 4426 524 4495 Straclr,
541 4442 567 4494 p.
585 4424 628 4479 32.
647 4455 681 4465 -
699 4426 796 4478 Punica.
817 4441 917 4494 canapo
934 4441 952 4476 1
969 4423 1118 4494 10111111,
1135 4441 1162 4493 p.
1180 4423 1240 4474 453.

307 4512 331 4581 9)
360 4515 502 4585 stampini,
521 4515 563 4568 De
581 4515 721 4568 luvenalis
740 4519 805 4584 vita,
823 4533 850 4586 p.
870 4515 912 4567 37.

298 4602 332 4670 ¹⁰)
360 4604 401 4656 De
420 4606 540 4658 vitarum
558 4606 610 4658 fide
628 4606 855 4658 Friedlaenderus
875 4605 986 4656 minime
1006 4604 1112 4657 dubitat
1131 4603 1162 4669 (l.
1181 4603 1198 4656 l.
1217 4619 1244 4671 p.
1262 4599 1280 4652 4
1299 4601 1383 4668 115).
