3234 4994
697 395 908 485 Α..

168 601 345 683 silentium,
368 606 484 667 corrtra
506 599 745 684 Synnenbergii
756 595 790 682 ¹),
821 598 983 681 Stampini
996 595 1033 681 ²),
1059 595 1234 682 chrisum)
1260 598 1440 684 opiniones,

168 717 292 782 nullam
307 717 402 782 huius
417 716 467 782 rei
483 715 689 782 offensionem
706 718 864 798 praebere
880 719 999 798 potest.
1039 716 1072 780 N
1073 734 1126 781 am
1143 735 1183 782 ex
1198 714 1252 782 his
1268 714 1440 783 Martialis

169 831 377 916 testimoniis
403 840 440 899 ut
455 831 648 900 Schwabius
671 853 775 915 nuper
797 833 981 900 rectissime
1004 831 1140 915 monuit,
1165 832 1199 898 id
1224 832 1326 900 solum
1350 837 1441 898 recte

169 949 252 1014 sumi
276 954 394 1032 potest,
412 951 435 1015 J
439 950 609 1016 uvenalem
627 969 700 1016 ann.
724 955 766 1015 92
783 955 817 1016 et
835 955 1007 1016 101-102
1024 951 1150 1016 Romae
1167 955 1332 1017 versatum
1352 967 1439 1030 esse;

171 1083 272 1144 quare
289 1064 370 1130 nihil
386 1066 532 1148 impedit,
546 1067 714 1146 quominus
727 1066 860 1132 exilium
877 1065 918 1131 ad
935 1071 1082 1131 extrema
1094 1064 1277 1131 Domitiani
1292 1069 1442 1145 tempora

167 1173 392 1263 1=eleremus⁴t
439 1181 491 1247 Ne
526 1180 714 1262 Stampinus
726 1177 752 1261 ⁵)
785 1181 916 1263 quidem
950 1187 984 1247 et
1018 1180 1193 1248 Strackius
1207 1178 1233 1264 ⁸)
1266 1179 1435 1263 probandi,

168 1313 239 1360 cum
273 1314 314 1361 ex
348 1295 498 1362 Suetonii
521 1297 687 1378 Pliniique
718 1297 861 1378 Secundi
894 1299 934 1364 de
962 1298 1153 1364 Domitiano
1184 1296 1275 1362 exilii
1304 1300 1439 1362 auclore

169 1410 301 1476 silentio
326 1411 542 1493 suspicionem
571 1412 667 1478 huius
697 1413 747 1478 rei
775 1414 899 1481 moveri
928 1433 1023 1494 posse
1047 1412 1222 1479 affirmant.
1268 1412 1356 1478 Nam
1379 1431 1439 1478 nec

167 1525 324 1592 Aurelius
340 1527 466 1609 Victor,
490 1547 550 1593 nec
568 1526 687 1593 Aelius
704 1527 910 1612 Spartianus,
935 1549 996 1594 nec
1018 1529 1083 1595 Dio
1107 1527 1242 1594 Cassius
1265 1527 1436 1609 quicquam

170 1641 210 1707 de
234 1643 332 1708 exilio
356 1643 531 1709 Juvenalis
555 1647 615 1709 sub
638 1644 822 1727 Hadriano,
847 1664 940 1725 quem
964 1643 1156 1726 Stampinus
1172 1663 1231 1725 pro
1248 1643 1437 1710 Domitiano

167 1761 322 1840 proponit
331 1753 365 1843 ⁷),
395 1760 488 1825 nobis
512 1759 731 1826 tradiderunt.
777 1759 950 1826 Silentium
975 1780 1064 1843 vero,
1095 1761 1180 1843 quod
1203 1759 1380 1828 Suetonius
1403 1765 1439 1826 et

167 1874 296 1940 Plinius
322 1875 491 1941 Secundus
514 1875 555 1941 de
577 1876 639 1941 hac
662 1897 698 1942 re
722 1881 836 1959 agunt,
860 1877 957 1943 facile
981 1876 1211 1961 explicabitur,
1236 1877 1265 1944 si
1288 1877 1438 1944 memine-

167 1990 278 2073 rimus,
304 1997 504 2072 quantopere
520 2011 629 2057 rerum
650 1997 818 2076 gestarum
835 1993 1014 2075 scriptores
1031 1993 1263 2059 crudelitatum
1279 1993 1437 2074 temporis

167 2107 217 2172 sui
240 2107 347 2173 tristis
370 2107 590 2189 descriptione
614 2107 750 2191 fatigati
772 2105 944 2190 fuerint⁸).
994 2109 1124 2191 Operae
1147 2108 1289 2190 pretium
1313 2113 1365 2175 est
1386 2109 1438 2174 hic

168 2223 277 2289 Taciti
304 2225 405 2291 verba
433 2243 474 2290 ex
503 2223 680 2291 Annalium
714 2226 807 2291 libris
837 2225 971 2293 referre.
1018 2226 1074 2291 Ita
1103 2227 1143 2292 de
1168 2225 1294 2292 'liberii
1323 2230 1435 2292 aetate

167 2335 223 2422 (25
247 2360 278 2421 p.
303 2339 378 2405 Ohr.
404 2338 495 2423 ann.)
519 2341 599 2406 haec
626 2341 779 2424 legimus:
820 2343 927 2424 ,‚Nam
952 2343 1034 2408 situs
1057 2342 1220 2426 gentium,
1252 2341 1435 2409 varietates

167 2456 375 2540 proeliorum,
401 2457 482 2523 clari
506 2459 622 2524 ducum
647 2457 754 2524 exitus
778 2459 923 2525 retinent
945 2479 984 2526 ac
1008 2459 1238 2544 redintegrant
1255 2459 1434 2542 legentium

167 2572 324 2638 animum:
350 2591 409 2638 nos
426 2592 527 2639 saeva
542 2575 641 2656 iussa,
659 2575 832 2640 continuas
850 2575 1089 2658 accusationes,
1105 2576 1243 2643 fallaces
1260 2574 1434 2660 amicitiae,

167 2688 342 2768 perniciem
365 2688 586 2755 innocentium
610 2695 644 2755 et
667 2689 797 2756 easdem
822 2691 915 2756 exitii
939 2710 1054 2757 causas
1078 2691 1314 2776 coniungimuS,
1339 2692 1435 2759 obvia

167 2822 273 2869 rerum
300 2803 513 2871 similitudine
538 2811 572 2870 et
594 2802 775 2872 satietate“
790 2803 825 2889 9).
873 2806 966 2872 Idem
997 2807 1036 2872 de
1066 2807 1210 2873 Neronis
1233 2806 1435 2889 temporibus

167 2916 254 3002 (ann.
281 2919 350 3002 66):
376 2921 508 3004 „Etiam
527 2923 555 2987 si
571 2923 659 2988 bella
683 2929 819 2989 externa
835 2927 869 2988 et
885 2923 992 2990 obitas
1015 2943 1075 3006 pro
1098 2945 1135 2991 re
1158 2924 1289 3006 publica
1311 2929 1435 2991 mortes

165 3041 261 3101 tanta
284 3055 416 3102 casuum
441 3037 652 3104 similitudine
676 3057 864 3122 memorem,
893 3058 1008 3120 meque
1031 3041 1135 3122 ipsum
1161 3039 1266 3107 satias
1290 3040 1434 3122 cepisset

167 3153 369 3233 aliorumque
392 3152 537 3219 taedium
561 3159 797 3237 exspectarem,
822 3155 972 3236 quamvis
994 3158 1149 3223 honestos
1173 3155 1292 3223 civium
1316 3157 1433 3241 exitus

166 3271 281 3334 tristes
304 3274 415 3334 tamen
439 3274 474 3334 et
496 3269 668 3334 continuos
691 3272 925 3353 asperantium3
950 3279 987 3338 at
1008 3292 1094 3338 nuuc
1117 3272 1282 3354 patientia
1303 3272 1434 3341 servilis

167 3390 356 3464 tantumque
380 3384 550 3468 sanguinis
578 3385 664 3451 domi
687 3386 851 3467 perditum
874 3387 1020 3472 fatigant
1043 3389 1185 3455 animum
1209 3394 1244 3455 et
1266 3388 1435 3456 maestitia

270 3764 292 3831 ¹)
320 3766 401 3835 usu,
419 3782 446 3835 p.
465 3765 507 3817 ec.

270 3855 495 3924 2nnpm.

270 3858 293 4010 ἐ
321 3932 394 3998 liber
414 3946 458 3996 die
476 3944 530 3997 Art
548 3946 604 3998 und
623 3947 751 3999 Tandem
772 3947 819 4000 der
838 3948 1054 4001 luvenalischen
1071 3949 1306 4019 Peraoneukritik,
1329 3948 1432 4002 Lunds-

163 4033 232 4086 kron
251 4036 282 4085 in
299 4033 434 4102 Bdhmen,
452 4034 522 4086 1881
540 4052 567 4104 p.
587 4035 629 4089 22.

267 4121 292 4189 ⁴)
320 4122 579 4195 Teuffel-Schwabe,
598 4124 677 4179 uem.
696 4125 996 4199 Literat.·Geschicl1te,
1015 4127 1041 4182 4,
1060 4128 1142 4197 Anu,
1159 4144 1187 4197 p.
1207 4127 1266 4181 757.

268 4211 291 4278 ⁵)
319 4213 348 4265 L.
366 4213 385 4264 l.
403 4229 429 4282 p.
447 4212 491 4268 40.

267 4299 291 4367 ὅ)
319 4302 348 4354 L.
367 4303 385 4354 l.
404 4320 430 4373 p.
449 4302 492 4355 24.

269 4388 292 4457 ⁷)
320 4391 402 4461 lbid.,
420 4410 447 4462 p.
465 4391 500 4444 43
520 4408 560 4461 sq.

267 4477 291 4547 Θ)
323 4480 361 4533 Cf.
381 4481 442 4535 libr.
462 4497 555 4534 meum
574 4481 608 4534 de
626 4482 724 4535 iuven.
744 4487 796 4536 sat.
814 4487 912 4554 prima,
929 4501 955 4553 p.
975 4483 1035 4536 113.

267 4567 291 4636 ο)
319 4570 400 4640 Aua,
418 4571 464 4642 IV,
483 4571 526 4628 33.
