3234 4994
718 439 927 530 420.-

192 649 310 729 Itaque
333 665 374 711 ne
396 646 557 712 ineassum
575 645 744 727 disputare
760 623 937 728 videamur,
961 645 1142 710 Domitiani
1159 645 1301 728 primam
1324 649 1454 709 octobre

193 761 423 829 examinemus.

300 877 363 944 dud
377 877 563 943 Domitiano
580 873 737 962 (81-96)
754 876 972 962 quadraginta
988 895 1088 944 annos
1104 877 1129 942 J
1131 876 1280 944 uvenalis
1296 875 1452 957 explevit.

192 993 328 1062 Claudio
353 1002 387 1060 et
409 993 535 1061 Neroni
559 999 725 1075 superstes
743 997 879 1061 cruenta
899 993 988 1060 bella
1010 993 1098 1060 inter
1114 991 1264 1076 Galbam,
1281 990 1453 1073 Othonem,

190 1109 363 1178 Vitellium
378 1109 449 1177 vita
466 1109 645 1192 superavit.
670 1109 867 1191 Vespasiani
888 1114 923 1175 et
939 1110 1007 1174 Titi
1030 1109 1240 1191 temporibus,
1265 1108 1339 1174 dum
1355 1126 1455 1190 popu·

190 1226 241 1292 lus
270 1246 311 1292 ex
338 1244 456 1308 magna
484 1225 730 1308 perturbatiane
754 1225 933 1291 animorum
958 1231 992 1291 et
1015 1243 1122 1291 rerum
1145 1223 1289 1306 requiem
1313 1225 1451 1306 quaerit,

191 1342 216 1407 J
218 1341 381 1425 uvenalis,
413 1341 468 1423 qui
495 1361 553 1423 per
580 1340 720 1423 triginta
746 1341 816 1407 fere
843 1361 945 1407 armos
972 1347 1105 1407 ruentes
1128 1341 1162 1407 in
1184 1341 1276 1422 peius
1300 1338 1452 1423 antiquos

190 1455 339 1523 civitatis
362 1476 468 1524 mores
492 1457 786 1539 animadvertebat,
813 1456 901 1524 vires
924 1457 1050 1542 ingenii
1072 1458 1106 1523 in
1130 1476 1229 1523 unum
1253 1456 1451 1539 conferebat,

83 1573 84 1578 ’
190 1571 312 1657 omnia,
347 1592 430 1655 quae
463 1572 594 1640 viderat
627 1591 793 1655 quaequae
832 1580 996 1658 senserat,
1031 1574 1102 1656 ipse
1134 1594 1242 1642 secum
1277 1575 1453 1655 reputabat

191 1689 359 1770 animoque
383 1690 473 1771 baec,
498 1694 536 1754 ut
551 1688 621 1770 ipse
637 1689 695 1772 ait,
721 1700 797 1754 ante
815 1690 911 1756 tubas
934 1691 1108 1756 volutabat
1117 1685 1141 1773 ¹)
1165 1709 1225 1755 nec
1241 1690 1332 1771 prius
1348 1689 1452 1770 plicas

188 1805 334 1872 velorum
358 1805 505 1889 integras
529 1805 686 1886 explicuit
694 1799 731 1888 ²),
756 1824 852 1887 quam
875 1825 968 1872 omne
992 1805 1113 1872 crimen
1136 1806 1170 1871 in
1193 1806 1295 1871 arduo
1311 1805 1451 1886 positum

188 1919 479 1987 animadvertisset
490 1918 527 2005 3).
573 1922 614 1986 In
637 1921 814 1988 iuvenilem
842 1922 984 1988 animum
1014 1923 1081 1988 alte
1111 1921 1326 1987 descenderat
1347 1919 1451 2001 turpi-

188 2034 267 2100 tudo
296 2034 508 2101 maximorum
537 2035 708 2118 scelerum,
739 2037 855 2117 quibus
884 2043 977 2104 aetas
1005 2037 1187 2104 laborabat.
1235 2035 1362 2117 Magna
1388 2035 1452 2100 ira-

189 2150 307 2217 cundia
330 2145 544 2234 commotus⁴)
567 2151 633 2217 iam
650 2170 775 2218 summa
791 2170 863 2217 cum
879 2152 1103 2236 indignatione
1118 2152 1152 2218 in
1168 2153 1312 2232 quolibet
1327 2150 1451 2216 scelere

190 2269 323 2334 obrutos
356 2267 546 2334 invectores
581 2271 663 2334 erat.
720 2266 877 2334 Idoneum
911 2272 1038 2349 tempus
1071 2268 1113 2334 ad
1146 2268 1284 2334 vulnera
1318 2265 1451 2332 civitati

187 2383 312 2450 inflicta
346 2383 493 2449 sananda
526 2383 680 2452 advenire
715 2383 890 2451 videbatur
926 2404 1113 2466 morumque
1150 2383 1318 2465 turpitudo
1354 2398 1450 2463 quam

187 2498 326 2566 maxime
361 2499 403 2565 ad
432 2499 553 2566 satiras
585 2501 774 2567 scribendas
800 2500 962 2567 incitabat
974 2496 1011 2586 ⁵).
1058 2501 1123 2568 Sed
1151 2519 1226 2582 spos
1252 2497 1450 2566 Juvenalem

187 2614 316 2682 fefellit.
362 2615 459 2682 Mitis
482 2615 576 2682 initio
600 2615 728 2698 imperii
741 2613 775 2700 ⁶),
799 2617 1007 2684 Domitianus
1031 2615 1241 2700 „aliquandiu
1264 2635 1298 2682 se
1321 2614 1449 2682 varium

186 2730 370 2815 praestitit,
406 2731 544 2798 mistura
576 2750 700 2813 quoque
732 2732 931 2814 inaequabili
963 2732 1117 2800 vitiorum
1153 2736 1250 2814 atquo
1279 2729 1449 2812 virtutum,

189 2847 291 2914 donec
321 2847 465 2916 virtutes
497 2866 622 2930 quoque
654 2848 688 2914 in
722 2847 803 2918 vitia
831 2847 985 2916 deflexit“
998 2843 1033 2933 ⁷).
1081 2849 1162 2916 Mox
1193 2853 1304 2914 tamen
1336 2848 1450 2912 innata

296 3085 319 3152 ¹)
347 3085 403 3139 Sat.
421 3085 442 3156 1,
466 3084 618 3138 ros-169:
638 3124 645 3138 .
665 3124 697 3138 ..
724 3085 843 3152 „Tecum
864 3087 941 3156 prius
966 3100 1030 3155 ergo
1055 3086 1150 3139 voluta
1174 3085 1247 3137 Haec
1270 3085 1361 3136 animo
1385 3085 1449 3135 ante

188 3174 295 3228 tubas.“
319 3204 355 3214 -
376 3173 425 3227 His
453 3175 544 3245 rebus,
566 3179 597 3226 ut
616 3176 721 3245 opinor,
749 3179 812 3244 apte
840 3175 954 3244 longum
977 3175 1119 3228 luvenalis
1147 3174 1288 3227 silentium
1316 3172 1450 3241 explicari

187 3266 288 3333 potest.
326 3261 365 3318 (li.
383 3265 431 3316 vit.
450 3262 622 3316 Henniniana
640 3267 668 3316 et
685 3263 799 3316 Donati:
820 3263 885 3330 „din
903 3266 1014 3318 tacuit.“

294 3351 319 3419 2)
346 3351 611 3422 sac.1,149-150:
637 3392 650 3420 „
671 3393 677 3406 .
698 3393 704 3405 .
724 3393 730 3405 .
750 3393 757 3406 .
775 3354 857 3406 Utere
875 3354 958 3406 velis!
986 3354 1072 3407 Totos
1090 3353 1179 3422 pande
1199 3353 1309 3405 sinus!“

292 3439 316 3508 ³)
343 3440 421 3510 Ibid,
440 3459 465 3494 v.
489 3442 643 3495 147-149:
673 3442 735 3509 „Nil
759 3444 811 3495 erit
829 3443 954 3511 ulterius,
985 3442 1058 3510 quod
1080 3444 1183 3494 nostris
1211 3442 1334 3495 moribus
1365 3440 1449 3492 addat

187 3531 347 3600 Posteritas,
366 3530 464 3584 eadem
481 3532 583 3584 sacient
601 3533 765 3602 cupientque
784 3532 914 3602 minores,
932 3530 1020 3585 Omne
1032 3533 1062 3583 in
1079 3533 1223 3602 praecipiti
1235 3533 1333 3584 vitium
1346 3533 1447 3583 stetit.“

292 3616 317 3685 ⁴)
344 3617 421 3687 Ibid,
439 3637 464 3670 v.
483 3619 531 3671 45:
552 3619 672 3686 „Siccam
690 3621 765 3671 iecur
782 3619 875 3672 ardeat
891 3621 958 3672 ira“.

294 3707 319 3774 5)
345 3706 422 3778 Ibin,
440 3726 466 3760 v.
485 3708 531 3761 63:
557 3707 669 3776 ,Nonne
686 3708 753 3762 libet
769 3710 858 3762 medio
876 3724 950 3762 ceras
968 3709 1081 3779 implere
1099 3724 1208 3779 capaces
1226 3708 1399 3775 Quadrivio.“

293 3794 319 3865 ο)
345 3796 417 3850 Suet.
435 3797 514 3851 Dom.
533 3797 563 3850 9:
589 3799 679 3866 „Inter
696 3800 775 3852 initia
793 3799 859 3853 adeo
876 3799 910 3853 ab
928 3801 1004 3852 omni
1021 3799 1100 3852 caede
1113 3798 1281 3870 abhorrebat,
1299 3802 1329 3850 ut
1346 3799 1448 3850 edicere

187 3885 332 3938 destinavit
337 3902 372 3939 ne
380 3887 461 3941 boves
467 3887 683 3941 immolarentur.
696 3888 969 3958 Cupiditatisquoque
978 3891 1059 3957 atque
1068 3890 1198 3941 avaritiae
1207 3890 1256 3941 vix
1268 3891 1448 3959 suspicionem

187 3975 272 4027 ullam
292 3976 377 4046 dedit3
395 3977 481 4030 immo
498 3993 599 4048 magna
617 3993 695 4047 saepe
717 3994 772 4031 non
796 3978 974 4033 abstinentiae
998 3978 1086 4049 modo,
1110 3978 1256 4031 sedetiam
1278 3978 1448 4032 liberalitatis

187 4067 379 4136 experimenta.
399 4095 433 4107 —
451 4066 583 4138 Apposite
593 4067 713 4120 Boissius
731 4067 860 4135 (Juvenal
873 4071 899 4119 et
911 4082 960 4120 sou
971 4071 1066 4138 temps,
1079 4069 1171 4121 Revuo
1184 4068 1230 4121 des
1244 4069 1316 4120 deux
1329 4068 1447 4138 mondes,

188 4155 250 4225 Mai,
276 4155 354 4226 1870,
377 4155 394 4207 1
418 4155 490 4225 livr,
514 4172 540 4226 p.
563 4155 643 4222 154):
676 4154 764 4222 „Getta
787 4157 913 4222 tyrannis
935 4160 1016 4226 parnt
1038 4157 1100 4227 plus
1123 4157 1219 4210 lourde
1244 4151 1323 4227 parc‘e
1351 4157 1448 4226 qu’elle

186 4241 251 4295 etan
268 4246 357 4296 moins
379 4244 519 4313 attendue3
542 4259 577 4296 on
601 4241 701 4296 detesta
717 4244 854 4298 Domitian
873 4249 899 4297 et
915 4261 984 4316 pour
1002 4246 1041 4298 las
1059 4249 1156 4299 crimes
1173 4247 1233 4316 quil
1244 4249 1317 4300 avait
1335 4249 1447 4299 commis

186 4336 212 4384 et
228 4348 298 4401 pour
316 4332 355 4386 les
372 4333 526 4404 asperences
544 4332 603 4402 quil
620 4334 693 4386 avait
710 4333 867 4403 trompdcs.“
886 4365 920 4375 -
939 4335 1054 4390 Uberius
1072 4336 1106 4388 ds
1120 4337 1171 4389 hac
1188 4351 1218 4388 re
1235 4353 1260 4389 v.
1283 4352 1326 4406 ap.
1350 4336 1449 4390 Imhoi.

185 4422 204 4474 l.
223 4421 240 4473 l.
258 4438 285 4490 p.
305 4421 337 4474 35
357 4437 396 4492 sq.

293 4509 317 4578 ⁷)
345 4512 415 4564 Suet.
439 4512 518 4567 Dom.
543 4512 568 4565 3.
587 4543 621 4552 -
639 4514 725 4584 Peter,
750 4512 906 4568 Gaschiohte
930 4515 1021 4570 Roma.
1057 4515 1097 4568 111
1119 4515 1166 4568 Bd.
1204 4516 1219 4568 2
1242 4514 1324 4569 Abth.
1361 4514 1447 4585 Hella,

186 4600 254 4653 1869
272 4618 298 4672 p.
317 4601 377 4654 114.
