3234 4994
803 398 823 458 8

179 606 319 672 omnium
343 606 466 672 fontem
501 606 625 673 referre
657 626 721 672 non
757 606 922 674 dubitavit
938 603 972 690 ¹).
1018 607 1091 674 Nec
1114 613 1223 672 tamen
1247 613 1347 690 recte,
1382 607 1447 673 nisi

179 723 265 788 forte
289 724 508 790 coniecturam
532 743 573 789 ex
596 742 681 791 vano
715 725 866 790 haustam
890 743 948 804 pro
972 743 1007 789 re
1032 727 1123 788 certa
1150 742 1189 788 ac
1223 723 1447 790 demonstrata

180 839 329 920 accipere
352 838 447 905 velia.
494 839 581 905 Nam
605 839 786 921 quicunqne
809 841 863 906 vel
893 840 999 905 obiter
1027 844 1199 919 utramque
1229 839 1331 905 vitam
1359 838 1447 905 inter

180 974 215 1020 se
239 955 489 1037 comparaverit,
525 959 616 1021 recte
641 954 703 1021 sibi
726 955 947 1036 persuadebit,
983 955 1303 1035 Kulenkampiauam
1335 955 1447 1020 multis

179 1072 275 1136 rebus
293 1069 423 1136 differre
446 1071 658 1138 aProbiana.
706 1071 967 1154 Synnerbergius
991 1083 1070 1139 vero
1095 1071 1128 1136 id
1148 1073 1250 1137 solum
1267 1071 1446 1153 expedivit,
1531 1069 1539 1082 '

179 1187 264 1268 quod
304 1185 395 1253 vitae
436 1187 531 1253 finem
573 1188 716 1269 „decessit
744 1223 784 1232 -
814 1185 1021 1275 imperotore“
1068 1207 1086 1252 e
1122 1187 1216 1254 falsis
1250 1189 1447 1254 scholiastae

179 1301 476 1384 computationibus
520 1309 625 1367 ortum
663 1321 735 1368 esse
774 1298 998 1386 affirmavit2).
1072 1303 1137 1369 Sed
1177 1305 1211 1369 iu
1250 1304 1445 1387 gravissimo

178 1419 268 1485 vitae
306 1417 493 1484 testimonio
536 1419 700 1500 „entreats
737 1453 773 1462 -
810 1417 957 1484 ccilircm“
999 1419 1051 1485 vel
1090 1419 1263 1486 fastidiose
1303 1422 1448 1487 caecutit

180 1535 234 1602 vel
259 1534 456 1600 coniecturis
490 1539 618 1599 tantum
642 1533 748 1599 utitur
761 1530 798 1617 ³),
834 1552 895 1614 quo
919 1533 1018 1616 iacto,
1054 1540 1092 1598 ut
1118 1536 1302 1601 Hermauni
1337 1537 1446 1602 verbis

180 1648 267 1724 utar,
293 1642 422 1724 ,fucum
438 1640 557 1723 potius,
582 1659 677 1721 quam
693 1642 798 1708 facem
814 1638 993 1723 praetulit“
1007 1634 1045 1724 4).
1078 1642 1154 1707 Hac
1170 1642 1287 1708 critica
1305 1642 1447 1725 Synuer-

179 1757 311 1839 bergius
345 1758 474 1821 ratione
509 1756 543 1821 id
580 1756 696 1840 effecit,
736 1762 781 1840 ut,
822 1775 893 1823 cum
934 1756 1023 1824 vitae
1059 1757 1369 1839 Kulenkampianae
1407 1758 1447 1824 de

179 1875 205 1939 J
206 1873 355 1941 uvenalis
372 1873 470 1939 exilio
488 1874 707 1940 testimonium
725 1873 875 1938 refellere
892 1873 1106 1957 nequivisset,
1131 1893 1222 1940 suam
1246 1875 1285 1940 de
1303 1874 1446 1941 Traiano

180 1988 270 2054 exilii
294 1994 428 2053 auctore
452 1990 671 2055 coniecturam
686 1984 724 2071 ⁵),
761 1990 812 2054 cui
835 1995 968 2069 praeter
991 1991 1094 2057 vitam
1126 1989 1447 2068 Kulenkampiauam

179 2103 279 2168 etiam
303 2105 408 2170 multa
430 2104 497 2170 alia
522 2106 652 2169 obstant
667 2101 704 2186 ⁶),
728 2104 825 2184 plane
841 2104 1087 2184 improbabilem
1110 2104 1246 2169 faceret.
1296 2103 1446 2184 Accedit,

179 2218 265 2301 quod
292 2225 327 2285 et
355 2221 421 2286 alia
452 2220 523 2285 eius
555 2217 744 2284 coniectura
779 2237 926 2300 „omnem
950 2218 1168 2301 imperatoris,
1204 2218 1348 2300 quisquis
1373 2219 1446 2300 erit,

179 2338 386 2421 mentionem,
411 2337 460 2405 ita
482 2337 604 2403 factam
629 2355 710 2419 esse,
735 2341 773 2401 ut
787 2354 903 2401 nomeu
928 2337 997 2402 eius
1014 2335 1177 2418 posterius
1201 2355 1242 2401 ex
1258 2335 1447 2400 coniectura

180 2473 252 2521 esse
276 2455 417 2536 positum
440 2458 530 2520 recte
554 2452 599 2520 sit
623 2449 859 2536 colligendum“
876 2445 913 2536 ⁷),
949 2452 1028 2517 mibi
1050 2454 1111 2517 hoc
1133 2453 1203 2518 loco
1235 2452 1447 2532 improbanda

180 2573 246 2651 est3
272 2590 346 2636 uam
371 2570 398 2636 si
421 2568 730 2650 Kulenkampianae
753 2567 844 2633 vitae
867 2566 1090 2633 testimonium
1118 2567 1257 2634 refutari
1279 2567 1395 2649 nequit
1408 2563 1446 2650 8),

65 2755 67 2760 ,
183 2688 286 2754 verba
308 2685 398 2752 illius
422 2684 515 2751 modo
540 2685 644 2752 allata
667 2685 709 2750 ad
732 2685 911 2750 Traianum
935 2684 988 2752 vel
1012 2685 1181 2765 quemvis
1205 2685 1303 2750 alium
1326 2685 1445 2751 falsum

180 2801 271 2866 exilii
307 2807 472 2868 auctorem
495 2799 607 2882 potius
631 2819 726 2881 quarn
750 2801 792 2866 ad
826 2801 1053 2867 Domitianum
1077 2802 1201 2868 referas
1228 2821 1362 2868 necesse
1386 2808 1446 2867 est.

180 2917 232 2982 De
271 2916 431 2983 Franckii
464 2934 543 2983 vero
582 2917 757 3000 sententia,
797 2936 893 2997 quam
929 2917 968 2982 de
1006 2917 1098 2985 vitae
1136 2917 1447 2998 Kulenkampiauae

180 3031 307 3115 origine
330 3031 472 3112 protulit
486 3027 521 3114 9),
557 3031 627 3113 hoc,
662 3032 785 3114 opinor,
822 3032 930 3098 dicere
954 3041 1008 3099 sat
1031 3034 1104 3115 erit,
1141 3053 1213 3098 eum
1237 3053 1255 3100 e
1278 3052 1366 3099 more
1390 3052 1447 3099 suo

158 3147 333 3236 subtilius
357 3165 451 3227 quam
476 3145 587 3212 verius
610 3147 807 3229 disputasse,
843 3148 927 3228 quod
952 3147 1214 3232 Synnerbergius
1238 3151 1448 3229 comprobare

179 3263 321 3345 videtur,
358 3280 429 3327 cum
453 3261 611 3328 Franckii
635 3261 832 3329 senteutiam
857 3263 1004 3329 breviter
1027 3265 1213 3346 complexus
1237 3265 1318 3330 haec
1342 3265 1446 3332 addit:

181 3379 259 3462 „Ita
282 3378 467 3459 disputavit
489 3377 684 3460 Franckius
723 3378 775 3443 cui
798 3378 953 3444 assentiri
976 3379 1142 3460 ecquidem
1165 3399 1228 3444 non
1253 3381 1446 3464 dubitarem,

180 3495 208 3560 si
248 3493 317 3559 ulla
363 3492 507 3575 vestigia
549 3492 591 3559 ad
634 3500 700 3559 tam
747 3493 898 3559 subtilem
943 3494 1217 3576 artificiosamque
1260 3496 1447 3578 disputandi

287 3767 309 3833 ¹)
337 3767 379 3820 De
398 3766 569 3836 temporibus
589 3769 640 3819 etc.
659 3782 685 3836 p.
704 3765 746 3820 35.

186 3875 189 3882 Δ
285 3856 308 3923 ²)
337 3856 520 3925 Synuerberg,
538 3872 564 3925 p.
583 3855 626 3908 ³3.

285 3943 308 4012 ³)
336 3945 403 3998 ibid.
423 3962 449 4015 p.
468 3945 501 3997 ³2
522 3960 563 4014 sq.

283 4032 308 4100 ⁴)
337 4031 365 4085 O.
378 4033 422 4086 Fr.
435 4033 586 4104 Hermann,
604 4033 645 4086 De
657 4033 800 4086 luvenalis
821 4035 923 4086 satirae
941 4035 1075 4104 septimae
1093 4036 1272 4105 temporibus,
1292 4034 1448 4106 Gottingae,

178 4123 256 4193 1843,
275 4140 302 4193 p.
321 4120 345 4175 6.

284 4212 308 4280 ⁵)
336 4212 378 4265 De
396 4212 576 4282 temporibus,
595 4228 622 4282 p.
641 4212 675 4264 73
694 4227 735 4281 eq.

283 4300 308 4370 ο)
336 4301 398 4354 Vid.
416 4301 479 4353 infr.

285 4388 309 4458 7)
337 4390 520 4460 Spnnerberg,
538 4407 566 4461 p.
584 4389 626 4443 26.

283 4477 307 4548 8)
336 4478 375 4532 cf.
393 4479 469 4550 ibid,
487 4497 514 4549 p.
533 4479 575 4532 33.

284 4566 309 4638 9)
337 4567 462 4622 Examen
480 4570 614 4640 criticum,
632 4585 659 4639 p.
678 4569 712 4622 ‘16
731 4584 772 4638 sq.
