3234 4994
712 1547 715 1554 .
732 1485 857 1560 ΙΠ.

380 1697 447 1809 Do
486 1699 697 1808 auotoro
736 1694 861 1806 exitii
898 1693 1215 1806 lurouatiani.

707 1971 878 1988 ’ΜΛΝἏΜ

271 2158 323 2222 De
351 2154 519 2222 Juoeoolr‘o
547 2153 639 2218 mrito
670 2155 738 2218 tam
761 2151 851 2217 vitae
880 2147 1089 2230 dissentiunt,
1116 2152 1155 2213 ut
1183 2148 1288 2229 prima
1318 2147 1427 2213 fronte

163 2272 398 2340 nihilomnino
430 2269 512 2336 certi
540 2269 580 2334 de
610 2287 649 2334 ea
671 2286 707 2332 re
736 2265 890 2332 constitui
918 2285 1014 2347 posse
1045 2263 1208 2331 videatur.
1260 2264 1300 2329 In
1323 2262 1427 2344 ipsius

164 2393 283 2471 poetae
323 2387 436 2454 satiris
473 2386 564 2452 nulla
600 2384 670 2451 fere
699 2384 794 2449 huius
824 2383 874 2448 rei
903 2381 1045 2466 vestigia
1080 2385 1221 2446 exstant.
1277 2380 1318 2443 In
1348 2377 1428 2444 vitis

166 2524 246 2571 voro
262 2505 393 2570 diversa
410 2502 695 2583 discrepantiaque
715 2500 898 2565 traduntur.
937 2499 992 2564 Ita
1007 2498 1079 2564 vita
1097 2515 1114 2562 e
1132 2495 1242 2562 oodioo
1254 2493 1427 2578 Vaticano,

167 2639 188 2684 a
209 2620 426 2686 Mommsenio
450 2618 626 2700 descripta,
651 2615 823 2684 Claudium
847 2615 937 2680 exilii
960 2619 1127 2679 auctorem
1150 2613 1250 2678 fuisse
1272 2611 1424 2679 affirmat.

165 2737 248 2806 Vita
270 2734 471 2814 Aelraiutrii,
497 2752 578 2816 quae
602 2732 724 2799 dicitur
747 2729 937 2813 Omnibona‚
967 2729 1103 2795 Traiani
1133 2747 1248 2795 nomen
1271 2748 1344 2795 oum
1365 2731 1428 2796 hae

168 2853 358 2934 quaestione
373 2851 551 2934 coniungit.
591 2848 756 2934 Quattuor
771 2865 859 2930 vero,
882 2844 1106 2928 Henniniana‚
1127 2844 1426 2928 Kulenkampiana‚

167 2968 298 3050 Diraoi
340 2967 545 3034 Ruehleiana
577 2965 801 3031 Domitianum
837 2961 927 3028 exilii
962 2967 1128 3028 auctorem
1162 2961 1340 3028 nominant.
1385 2962 1428 3028 In

167 3083 335 3150 Probiana
369 3083 471 3150 altum
495 3083 535 3148 de
558 3084 619 3149 hao
643 3102 678 3148 re
702 3079 865 3149 silentium
900 3083 960 3144 est.
1020 3077 1124 3163 Quam
1160 3077 1215 3144 diu
1243 3077 1430 3143 exulaverit

168 3198 343 3266 Juvenalis
367 3199 447 3265 item
470 3199 504 3265 in
526 3200 652 3266 ineerto
676 3205 736 3266 est.
796 3199 926 3268 Auctor
947 3203 1046 3285 vitae,
1081 3221 1163 3283 quae
1191 3202 1429 3284 Kulenkampii

169 3316 299 3399 dieitur,
324 3320 455 3398 poetam
478 3336 499 3382 a
521 3316 710 3383 Domitiano
733 3336 836 3398 usque
860 3317 902 3384 ad
924 3318 1130 3384 Antoninum
1152 3318 1248 3384 Pium
1272 3317 1306 3382 iu
1330 3319 1429 3386 exilio

169 3433 270 3499 vitam
293 3432 484 3513 produxisse
508 3432 657 3500 affirmat.
696 3435 793 3500 Duae
812 3435 910 3518 vitae,
934 3434 1101 3500 Probiana
1125 3439 1159 3500 et
1182 3433 1428 3518 Omniboniana,

168 3549 364 3614 iuvenalem
389 3548 499 3631 „intra
522 3548 750 3616 brevissimum
779 3556 907 3632 tempus
931 3551 1113 3616 armentis
1146 3546 1371 3634 aegritudine“
1395 3551 1429 3616 in

170 3664 266 3730 exilio
290 3666 358 3730 fato
382 3665 582 3732 concessisse
604 3672 751 3733 narrant.
789 3666 890 3733 Vitae
913 3685 991 3733 vero
1014 3665 1229 3733 Henniniaua
1251 3670 1286 3731 et
1305 3667 1431 3732 Donati

171 3780 210 3846 de
233 3781 397 3847 Juvenale
420 3783 557 3848 Romam
592 3784 633 3848 ab
670 3781 768 3848 exilio
802 3801 935 3850 reverso
970 3787 1145 3849 testantur.
1203 3782 1244 3848 Iu
1277 3783 1338 3848 hoo
1366 3800 1429 3848 uno

170 3902 279 3963 tamon
318 3917 428 3964 omues
466 3896 557 3964 vitae
595 3898 801 3980 conveniunt,
844 3898 869 3963 J
871 3899 1041 3965 uvenalem
1081 3902 1216 3979 propter
1253 3897 1431 3980 „quosdam

170 4010 307 4080 versus“
331 4012 366 4078 in
387 4013 541 4078 Paridem
563 4003 804 4097 pantomimum,
830 4013 884 4095 qui
907 4020 988 4080 tuno
1002 4015 1159 4095 temporis
1183 4013 1269 4096 apud
1292 4015 1430 4096 impera-

171 4135 274 4194 torem
297 4129 469 4210 plurimum
493 4132 637 4212 poterat,
662 4130 844 4214 relegatum
867 4149 949 4197 esse.
994 4130 1043 4196 Hi
1065 4129 1229 4212 versiculi,
1265 4130 1328 4212 qui,
1361 4129 1430 4195 sine

172 4243 277 4327 dubio,
301 4245 442 4327 speeiem
466 4243 711 4329 epigrammatis
733 4265 812 4329 prae
837 4265 872 4312 se
895 4246 1046 4314 ferebant
1059 4241 1094 4330 ¹),
1121 4245 1260 4328 primum
1282 4245 1317 4313 in
1340 4246 1430 4314 audi·
1459 4269 1463 4278 ·

277 4493 301 4559 ¹)
328 4491 367 4545 Of.
385 4493 533 4562 Hermann,
550 4493 635 4562 praef.
655 4493 697 4546 od.
715 4493 786 4564 Jun,
804 4511 831 4564 p.
850 4493 921 4548 VHI.
