3234 4994
830 376 867 437 51

213 583 351 666 primum
376 583 545 650 observari
568 582 681 666 debet,
709 604 750 650 ne
780 584 923 666 vestigia
954 582 1081 665 quidem
1112 583 1208 649 huius
1231 581 1324 648 exilii
1346 601 1482 663 usquam

213 699 363 782 reperiri.
397 700 583 781 Numquid
607 700 647 766 de
671 701 858 766 Probianae
881 699 1083 781 aliarumque
1106 699 1249 765 vitarum
1274 698 1480 781 testimoniis,

215 834 298 897 quae
332 835 445 883 ansam
481 815 572 882 exilii
606 814 649 882 ad
682 815 848 882 Hadriani
876 822 1024 898 tempora
1060 814 1276 897 detorquendi
1311 814 1487 896 dederunt,

214 933 408 998 censendum
442 932 502 1016 sit,
535 931 629 998 modo
654 931 806 1000 diximus.
848 931 1053 1016 Stampinus,
1086 931 1302 998 Ribbeokium
1338 935 1480 1011 secutus,

214 1048 401 1116 testimonio
424 1049 525 1115 Probi
555 1049 595 1114 de
618 1047 783 1117 Juvenale
813 1047 1023 1132 octogenario
1046 1047 1080 1114 in
1104 1047 1236 1114 exilium
1262 1047 1359 1113 misso
1383 1048 1480 1129 plane

214 1166 403 1232 assentitur.
450 1163 516 1232 Sed
539 1183 669 1249 causas,
704 1183 761 1231 eur
791 1165 839 1231 ita
861 1165 908 1231 'de
935 1165 999 1230 fine
1021 1162 1208 1229 Probianae
1231 1163 1321 1230 ritae
1344 1162 1481 1245 iudicet,

213 1299 372 1363 nusquam
385 1281 488 1348 affert.
516 1279 623 1364 Adde,
637 1281 722 1362 quod
736 1280 870 1348 nimiam
886 1280 982 1346 fidem
994 1278 1191 1346 testimoniis
1203 1279 1305 1344 Probi
1318 1278 1480 1361 tribuens

213 1397 336 1463 nullam
371 1397 440 1464 fere
474 1396 635 1464 rationem
669 1396 853 1464 Domitiani
887 1401 1069 1479 temporum
1105 1399 1164 1460 aut
1194 1413 1305 1460 earum
1337 1395 1481 1462 vitarum

213 1513 336 1595 habuit,
354 1532 436 1594 quae
452 1511 492 1577 de
508 1512 534 1577 J
535 1512 685 1579 urenalis
700 1514 838 1578 Romam
855 1511 964 1578 reditu
977 1509 1167 1578 clarissimis
1181 1509 1292 1577 verbis
1305 1515 1481 1576 testantur.

121 1669 126 1678 ·
213 1627 342 1694 Deinde
365 1627 405 1694 de
420 1628 483 1694 fine
498 1628 588 1696 vitae
600 1627 910 1710 Kolenkampianae
919 1623 954 1712 ¹),
978 1647 1072 1708 quern
1086 1624 1277 1708 Stampinus
1294 1624 1481 1692 testimonio

212 1744 397 1810 Probianae
414 1743 504 1810 vitae
527 1743 670 1810 subsidio
694 1744 827 1812 vocavit
838 1737 875 1827 ²),
899 1743 1137 1811 observandum
1163 1746 1224 1826 est,
1250 1760 1322 1808 eum
1346 1761 1387 1806 ex
1410 1740 1483 1822 ipsa

212 1860 379 1926 Probiana
409 1860 493 1926 male
518 1860 690 1926 intellecta
715 1865 822 1926 ortum
847 1855 965 1940 esse³).
1002 1856 1244 1940 ursacianos,
1273 1855 1482 1922 Hadrianum

213 1975 305 2043 exilii
333 1976 358 2040 J
360 1976 508 2044 uvenalis
543 1980 708 2041 auctorem
742 1974 853 2040 fuisse.
906 1973 988 2040 Tum
1023 1974 1143 2040 tertius
1178 1971 1354 2039 satirarum
1385 1972 1479 2053 liber,

213 2112 308 2174 quem
347 2112 457 2158 omnes
492 2110 564 2158 oum
600 2091 763 2173 prioribus
799 2091 1018 2171 conscriptum
1053 2088 1317 2171 temporibusque
1346 2087 1483 2154 Traiani

212 2208 302 2275 intra
331 2226 404 2274 ann.
437 2214 497 2274 103
535 2213 569 2273 et
597 2206 764 2274 ineuntem
794 2211 858 2273 104
881 2205 1034 2273 emissum
1058 2210 1208 2288 censent,
1244 2206 1285 2272 ad
1319 2211 1482 2271 extremos

213 2323 381 2390 Hadriani
405 2342 507 2390 annos
536 2323 654 2389 referri
683 2324 790 2390 debet.
838 2321 908 2406 Quo
932 2322 1021 2388 facto
1046 2341 1083 2388 eo
1108 2321 1213 2406 magis
1236 2322 1359 2388 nodosa
1384 2325 1483 2401 atque

216 2439 376 2506 intricata
390 2439 525 2506 reddet.
561 2439 722 2523 Namque,
747 2444 784 2504 ut
800 2437 1036 2521 Synnerbergii
1059 2439 1171 2506 verbis
1194 2443 1279 2520 utar,
1305 2457 1362 2521 „re
1385 2437 1484 2503 etiam

214 2575 274 2636 per
297 2575 332 2622 se
349 2555 558 2622 considerata
573 2560 700 2621 tantam
716 2555 872 2636 temporis
895 2553 1085 2620 distantiam
1108 2555 1197 2620 inter
1211 2553 1358 2619 ultimam
1383 2552 1483 2634 sonip-

213 2673 295 2738 toris
318 2691 447 2738 manum
477 2671 718 2752 carminumque
748 2669 922 2737 editionem
952 2670 1174 2753 interponere,
1209 2674 1247 2735 ut
1278 2669 1399 2735 satiras
1423 2671 1483 2736 sub

213 2789 308 2855 initia
319 2787 454 2856 Traiani
470 2787 672 2869 conscriptas
686 2793 761 2868 post
773 2785 1000 2870 duodeviginti
1014 2804 1171 2852 annorum
1188 2784 1297 2868 spatio
1309 2787 1482 2852 Hadriano

212 2904 396 2986 imperante
419 2903 454 2970 in
477 2904 580 2969 luoern
605 2903 712 2969 editas
736 2903 808 2970 ess'e
832 2904 1011 2983 eradamus,
1036 2902 1093 2970 vix
1116 2905 1368 2968 consentaneum
1392 2900 1482 2969 vide-

213 3013 370 3103 bitur“⁴).
418 3019 501 3085 Tum
534 3018 858 3086 animadvertendum
889 3025 955 3102 est,
987 3017 1063 3084 libri
1095 3017 1203 3099 quarti
1236 3017 1373 3102 satiras,
1403 3037 1483 3100 quas

216 3140 274 3204 sub
306 3135 480 3204 Hadriano
516 3135 657 3218 scriptas
691 3155 763 3204 esse
794 3141 919 3203 eertum
958 3141 1023 3219 est,
1056 3138 1123 3201 tam
1160 3134 1323 3201 diversum
1367 3152 1482 3214 sapere

214 3253 356 3319 furorem
381 3251 566 3334 satiricum,
598 3257 636 3318 ut
665 3253 837 3334 septimam
860 3251 996 3318 satiram
1020 3251 1141 3318 maiore
1165 3249 1342 3316 intervallo
1367 3251 1407 3314 ab
1434 3249 1482 3314 eis

214 3369 328 3435 abesse
352 3375 511 3451 appareat
522 3364 560 3451 ⁵).
611 3367 801 3451 Stampinus
831 3372 865 3434 et
880 3367 956 3433 huie
979 3366 1028 3432 rei
1053 3385 1223 3432 occurrere
1250 3365 1384 3448 studuit,
1410 3384 1481 3431 oum

212 3484 356 3551 natalem
368 3490 485 3567 poetae
498 3484 538 3552 ad
552 3504 626 3552 ann.
638 3505 668 3568 p.
680 3484 755 3551 Chr.
772 3504 803 3550 n.
818 3485 858 3550 57
873 3504 913 3550 ex
922 3481 1061 3548 arbitrio
1072 3483 1264 3565 detorquere
1277 3501 1342 3548 non
1353 3482 1481 3548 dubita·

212 3597 362 3685 vissetss).
409 3601 473 3668 Sed
486 3601 623 3683 primum
640 3601 782 3684 minima,
799 3599 917 3666 utiam
935 3619 1034 3682 supra
1050 3598 1265 3681 exposuimus
1284 3597 1370 3664 ratio
1386 3598 1481 3664 huius

214 3715 398 3783 sententiae
413 3715 564 3798 indagari
581 3717 693 3799 possit.
740 3709 870 3783 Deinde
894 3717 922 3781 si
937 3715 1137 3783 iuvenalem
1148 3713 1314 3780 Hadriani
1329 3715 1482 3795 tempori-

212 3833 272 3898 bus
289 3831 330 3898 ad
347 3832 468 3899 satiras
492 3833 680 3900 scribendas
697 3834 904 3914 edendasque
927 3851 962 3898 se
984 3831 1147 3913 aplieasse
1171 3830 1393 3912 statuerimus,
1417 3849 1482 3895 non

320 4108 343 4176 ¹)
363 4110 506 4176 „Decessit
524 4109 608 4176 longo
627 4108 705 4161 senio
724 4108 866 4159 confectus
887 4105 953 4158 exul
971 4104 1114 4157 Antonino
1133 4105 1182 4156 Pio
1201 4105 1391 4172 imperatore.“

318 4199 342 4266 ²)
361 4199 504 4268 Stampini,
522 4215 549 4266 p.
567 4197 610 4250 54.

317 4286 341 4355 ³)
380 4288 544 4357 ynnerberg,
562 4304 589 4356 p.
607 4285 650 4338 32.
687 4284 726 4339 Os.
746 4301 821 4355 supr.
839 4301 867 4354 p.
886 4283 912 4336 8.

317 4375 342 4444 ⁴)
361 4377 544 4446 Synnerberg,
565 4393 591 4444 p.
611 4375 653 4431 78.

319 4467 342 4533 ⁵)
362 4467 468 4536 Straok,
487 4483 513 4535 p.
532 4464 575 4517 30.

318 4554 342 4621 ⁰)
362 4557 389 4608 L.
408 4556 427 4608 1.
446 4573 472 4624 p.
491 4553 525 4606 19
547 4558 575 4606 et
592 4554 635 4605 57.
