3234 4994
788 384 830 448 49

707 472 917 479 ———..

177 595 335 662 Dacicum
358 595 448 662 edita
471 601 531 678 est,
555 595 612 661 illo
637 614 714 678 ergo
738 596 894 678 tempore,
918 613 979 675 quo
1004 593 1175 676 Traianus
1210 599 1248 660 ut
1269 592 1442 661 Straokius

176 719 266 779 recte
298 715 462 796 observat,
494 712 709 794 pantomimos
738 711 843 793 magis
871 711 987 795 odisse,
1016 729 1113 792 quam
1141 709 1254 777 fovere
1284 704 1332 776 ei's
1356 709 1444 778 vide-

176 833 273 896 batur
286 825 319 911 ¹).
380 831 551 895 Postremo
589 829 660 894 iure
697 827 739 896 iis
777 827 1063 895 contradicendum
1100 831 1166 910 est,
1206 826 1261 908 qui
1300 827 1444 893 Traiano

177 946 392 1027 suspicionem
415 945 448 1010 id
465 943 606 1012 movisse
631 944 805 1027 affirmant,
830 943 914 1026 quod
937 963 1052 1013 versus
1074 942 1125 1009 illi
1147 943 1323 1024 separatim
1347 948 1446 1009 antea

177 1061 258 1128 editi
289 1067 405 1144 postea
436 1061 565 1127 demum
597 1061 711 1127 maiori
744 1059 868 1127 satirae
900 1059 1018 1126 inserti
1052 1060 1127 1126 sint.
1182 1059 1216 1126 N
1219 1079 1270 1125 am
1305 1059 1443 1140 primum
1509 1071 1511 1074 ·

177 1178 362 1260 ambigitur,
387 1177 472 1242 unde
485 1176 648 1243 Traianus
665 1176 843 1258 comperire
866 1176 1020 1259 potuerit,
1043 1176 1101 1240 hos
1124 1193 1240 1243 versus
1263 1176 1322 1240 sub
1335 1175 1446 1239 Domi-

177 1295 267 1362 tiano
300 1293 440 1374 scriptos
472 1311 577 1360 novae
610 1292 733 1358 satirae
764 1293 906 1359 insertos
935 1311 1022 1376 esse,
1057 1291 1173 1357 deinde
1198 1291 1313 1373 quibus
1338 1293 1445 1358 causis

178 1414 356 1476 commotus
373 1408 419 1475 sit
431 1408 616 1492 Juvenalis,
634 1413 670 1474 ut
687 1408 875 1492 Traianum,
897 1409 1076 1491 principem
1093 1407 1260 1490 optimum,
1283 1407 1445 1473 immerito

176 1526 325 1592 laederet
335 1520 375 1608 ²);
409 1525 547 1607 denique
579 1525 818 1592 observandum
850 1531 916 1608 est,
952 1531 1020 1591 tum
1056 1543 1158 1605 prope
1197 1523 1445 1607 sexagenarium

177 1640 376 1708 Juvenalem
409 1659 473 1706 non
508 1639 589 1706 adeo
622 1659 729 1706 rerum
765 1644 1009 1722 temporumque
1038 1639 1224 1721 imperitum
1254 1639 1367 1721 fuisse,
1396 1639 1443 1705 ut'

178 1757 284 1824 sciens
308 1776 346 1822 ac
370 1757 514 1838 prudens
537 1757 571 1822 id
593 1757 728 1839 faceret,
753 1755 837 1837 quod
860 1761 975 1821 contra
997 1756 1175 1822 veritatem
1199 1755 1446 1837 opinionemque

178 1874 332 1938 bonorum
357 1871 497 1938 omnium
521 1878 739 1957 repugnarem
763 1891 838 1938 nam
863 1871 1011 1939 civitatis
1035 1877 1069 1937 et
1091 1873 1276 1938 litterarum
1300 1870 1446 1937 condicio

180 1987 321 2053 Traiano
356 1986 541 2069 imperante
574 1989 641 2054 alia
675 1987 747 2071 fuit,
783 1991 881 2068 atque
917 1989 976 2053 sub
1011 1988 1216 2070 Domitiano,
1251 2005 1351 2067 quare
1387 2006 1447 2051 nec

179 2103 354 2170 «luvenalis
371 2103 405 2168 in
417 2105 478 2169 hac
495 2103 600 2171 satira
616 2110 785 2188 „tempora
797 2104 986 2186 praesentia
997 2103 1138 2186 figurate
1154 2108 1270 2168 notare
1284 2099 1446 2186 potuit“³)

178 2238 238 2283 nec
262 2219 390 2284 omnino
415 2221 576 2286 Traianus
600 2241 639 2287 ea
663 2221 704 2287 ad
728 2240 763 2286 se
778 2220 903 2286 referre
913 2213 952 2304 4),
977 2239 1060 2300 quae
1083 2220 1124 2285 de
1147 2219 1284 2285 mortuis
1308 2239 1328 2285 a
1350 2223 1448 2300 poeta

178 2335 267 2401 dicta
290 2341 385 2402 erant
396 2331 431 2420 ⁵).
486 2335 578 2420 Quae
607 2356 678 2402 curn
706 2336 755 2402 ita
785 2336 862 2420 sint,
892 2336 1008 2419 omnia,
1039 2340 1076 2401 ut
1107 2335 1230 2417 opinor,
1266 2333 1447 2417 concident,

178 2469 261 2531 quae
284 2452 324 2516 de
338 2453 491 2534 Traiane,
517 2451 607 2518 exilii
620 2452 836 2520 Juvenaliaui
852 2459 994 2536 auctore,
1019 2473 1039 2518 a
1061 2452 1223 2519 nonnullis
1248 2451 1336 2518 dicta
1360 2457 1446 2517 stunt.

288 2565 476 2649 Antequam
506 2569 546 2633 de
581 2568 606 2632 J
608 2569 756 2636 uvenolis
791 2569 889 2635 exilio
925 2571 983 2634 sub
1011 2567 1185 2634 Hadriano
1221 2569 1308 2645 dico,
1333 2587 1448 2648 patrea

178 2683 217 2748 ad
243 2702 353 2748 eorum
382 2683 580 2749 sententiam
609 2683 815 2750 refutandam
840 2686 970 2766 addam,
1003 2685 1057 2765 qui
1074 2685 1257 2751 Probianae
1272 2685 1447 2766 praecipue

177 2799 266 2865 vitae
291 2799 510 2866 assentientes
534 2801 723 2866 Jooeaolem
746 2801 979 2886 oolopeuoricm
995 2801 1054 2866 sub
1077 2799 1185 2882 specie
1208 2800 1349 2866 militiae
1365 2801 1447 2866 rele-

176 2920 290 2998 gatum
318 2935 389 2981 esse
418 2934 521 2997 neque
551 2917 687 2982 Romam
718 2917 884 2998 reducem,
915 2915 973 2981 sed
1004 2918 1130 2982 exulem
1158 2937 1232 2982 mox
1263 2935 1384 2998 angore
1413 2922 1447 2982 et

178 3029 288 3096 taedio
312 3034 474 3095 mortuum
499 3030 672 3096 affirmant.
720 3029 812 3114 Quae
836 3031 865 3097 si
889 3051 968 3099 vera
995 3037 1115 3115 essent,
1147 3031 1344 3100 Juvenalem
1369 3052 1443 3098 ann.

176 3150 218 3211 47
243 3150 356 3212 natum
386 3165 450 3211 non
481 3151 557 3212 ante
587 3153 649 3213 127
679 3166 752 3212 ann.
782 3167 813 3228 p.
839 3146 916 3213 Chr.
946 3147 979 3212 in
1009 3147 1140 3213 exilium
1170 3147 1302 3213 missum
1335 3167 1446 3214 conce-

176 3262 335 3328 deremus
381 3261 517 3327 Atiam
543 3281 642 3344 supra
659 3261 825 3328 docuimus
849 3263 985 3328 satiram
1003 3263 1173 3344 septimam
1196 3263 1291 3329 initio
1308 3264 1445 3330 Traiani

176 3377 379 3459 principatus
400 3375 521 3442 editam
546 3395 724 3458 versusque
741 3382 872 3442 90-92
895 3377 970 3443 huic
994 3377 1118 3443 satirae
1133 3377 1285 3460 insertos,
1310 3384 1444 3459 propter

180 3510 260 3574 quos
276 3498 375 3575 poeta
386 3496 465 3559 urbe
478 3498 656 3559 summotus
668 3496 735 3575 est,
756 3500 832 3559 ante
853 3495 914 3559 hoc
925 3501 1053 3576 tempus
1066 3492 1206 3573 scriptos
1219 3511 1301 3560 esse.
1339 3493 1444 3577 Quam
1464 3538 1467 3542 -

177 3611 217 3674 ob
240 3628 309 3674 rem
327 3608 356 3676 si
372 3610 397 3674 J
400 3609 569 3677 uvenalem
589 3609 834 3692 octogenarium
846 3610 880 3677 in
892 3609 1025 3677 exilium
1038 3611 1170 3676 missum
1184 3611 1444 3695 concederemus,

177 3729 236 3789 aut
265 3725 435 3807 septimam
466 3727 601 3792 satiram
632 3724 721 3792 circa
748 3746 822 3793 ann.
856 3733 917 3793 127
948 3726 1105 3808 scriptam
1135 3731 1194 3792 eut
1223 3727 1443 3794 testimonium

178 3867 495 3875 *—

283 3935 306 4002 ¹)
326 3936 432 4006 Strack,
450 3953 476 4005 p.
495 3935 537 3989 29.
575 3935 614 3990 Of.
633 3952 707 4006 supr.
726 3953 752 4006 p.
771 3936 805 3989 45
825 3953 888 3990 ann.
907 3937 950 3990 11.

281 4024 305 4092 ²)
324 4025 392 4079 ibid.

281 4112 305 4180 ³)
325 4115 389 4167 Vita
407 4116 543 4168 Probiana
562 4119 590 4167 et
607 4116 788 4169 Henniniana.

280 4201 305 4270 ⁴)
326 4202 368 4259 Ol·
385 4203 431 4257 'vit
446 4203 569 4260 0mnib.:
590 4206 706 4273 „quibus
719 4206 855 4258 Traianus
868 4207 1032 4274 intellegens
1047 4206 1113 4258 vitia
1133 4206 1207 4274 carpi
1227 4207 1269 4256 sui
1283 4206 1442 4274 temporis.“

106 4360 107 4368 ἵ
282 4291 305 4358 5)
325 4291 364 4348 ef.
378 4295 491 4363 interpr.
505 4293 540 4346 ad
553 4294 607 4346 Sat.
621 4294 643 4363 1,
661 4294 721 4346 170.
736 4325 770 4334 -
781 4294 906 4365 Strauch,
920 4295 961 4346 De
974 4296 1100 4364 personis
1114 4294 1241 4346 Juvenal.
1254 4311 1280 4363 p.
1291 4295 1306 4344 5
1318 4297 1346 4345 et
1358 4292 1442 4346 62.-

105 4389 108 4402 '
175 4380 301 4434 Everbis
315 4383 388 4435 vitae
408 4383 624 4436 Omnibonianae
646 4385 690 4451 „in
708 4384 834 4436 Paridem
848 4415 880 4423 -
894 4385 1041 4452 temporis“
1060 4385 1184 4435 conicere
1201 4382 1273 4450 licet,
1293 4381 1442 4434 Traianum

174 4474 306 4522 nontam
325 4473 450 4527 versibus
473 4475 500 4524 in
519 4473 647 4525 Paridem
666 4476 827 4543 compositis
853 4490 934 4541 quam
953 4477 1013 4525 tota
1032 4475 1118 4525 satira
1142 4475 1276 4526 offensum
1301 4488 1361 4526 esse
1387 4472 1440 4539 (Of.

173 4559 323 4631 Hermann,
341 4561 382 4613 De
402 4566 451 4615 sat.
472 4567 541 4632 sept.
561 4567 642 4632 temp.
662 4579 688 4632 p.
707 4562 764 4629 14).
1437 4547 1440 4554 ¹

279 4685 446 4741 Naguiewski,
461 4687 496 4728 De
510 4685 565 4728 Juv.
580 4685 638 4730 vita.
1230 4667 1248 4718 4
