3234 4994
699 377 910 468 A*

168 603 209 650 ne
233 584 340 650 dicam
365 583 514 668 ridicula,
544 601 583 648 ea
607 584 794 650 coniectura
824 588 884 662 est,
909 602 1006 664 quam
1029 581 1202 649 Strachius
1238 602 1278 648 ex
1313 582 1440 662 antiqui

168 699 366 766 scholiastae
393 700 503 766 verbis
541 699 722 781 proposuit.
779 697 833 764 Ad
867 699 968 764 schol.
993 698 1077 763 enim
1109 697 1135 762 J
1137 696 1286 764 uvcnalis
1316 697 1439 763 satirae

168 815 300 897 quintae
313 815 458 882 decimae
471 834 557 881 vers.
571 821 627 881 27:
645 815 730 898 „Nos
742 815 902 880 miranda.
916 815 969 880 De
982 833 1018 880 se
1030 813 1112 880 dicit
1120 812 1306 896 iuvenalis,
1321 814 1396 893 qnia
1406 813 1439 877 in

167 930 324 1015 Aegypto
339 931 477 997 militem
490 931 599 997 tenuit
610 935 645 996 et
657 951 696 997 ea
707 930 874 1013 promittit
888 951 923 996 se
935 930 1127 1012 relaturum,
1143 949 1225 1010 quae
1238 931 1310 1010 ipsc
1322 927 1439 1011 vidit“‚

169 1083 209 1092 -
231 1049 312 1114 haec
334 1047 518 1114 annotavit:
556 1046 652 1131 „Qua
684 1047 770 1112 enim
796 1051 848 1112 est
876 1047 1043 1113 brevitate
1067 1045 1352 1128 simplicitateque,
1379 1046 1440 1109 hoc

169 1163 314 1230 scholion
325 1163 493 1244 antiquum
505 1163 610 1246 magis
621 1182 717 1243 quam
727 1162 893 1228 recentius
904 1185 965 1228 csse
973 1163 1106 1227 adeum.
1127 1162 1240 1242 Atque
1250 1168 1302 1228 est
1309 1163 1441 1246 fortusse

168 1286 202 1346 et
225 1279 274 1346 eis
297 1280 440 1363 scholiis
465 1299 548 1361 quae
572 1279 833 1362 commemoravi,
859 1285 894 1344 et
915 1278 997 1360 ipsis
1020 1279 1101 1346 vitis
1125 1278 1302 1359 antiquius.
1346 1277 1441 1362 Quod

168 1397 197 1462 si
219 1395 269 1462 ita
292 1415 326 1462 se
342 1397 473 1479 habeat,
497 1397 579 1462 haec
594 1394 708 1476 utique
724 1393 950 1461 vetustissima
975 1393 1014 1459 de
1037 1400 1136 1475 poeta
1159 1399 1238 1460 nota
1260 1395 1333 1475 ipsa
1351 1393 1440 1459 illius

168 1511 208 1577 ‹le
232 1511 330 1577 exilio
353 1511 484 1577 fabulae
508 1511 581 1576 fons
610 1532 671 1576 esse
700 1532 760 1592 pos
782 1509 822 1575 'd‘
841 1506 873 1594 ¹).
920 1509 969 1576 Α(
1004 1511 1059 1576 uhi
1095 1513 1290 1592 argumenta
1314 1511 1355 1576 ad
1380 1511 1440 1576 has

169 1627 376 1694 coniecturas
401 1626 680 1708 comprobandas?
726 1627 850 1696 Videat
875 1625 960 1692 enim
983 1627 1077 1691 humo
1102 1627 1228 1710 doctus,
1253 1646 1335 1708 quae
1359 1627 1439 1709 ipse,

168 1743 315 1810 Matthia
337 1749 518 1826 praeeunte
532 1738 559 1826 ²)
598 1743 638 1810 de
662 1741 795 1810 scholiis
825 1743 918 1808 nobis
948 1742 1133 1825 tradiderit,
1169 1761 1242 1807 cum
1266 1761 1306 1807 ea
1341 1743 1441 1827 „vitis

166 1858 295 1924 iuniore
318 1854 411 1924 esse“
446 1863 536 1924 recte
571 1856 762 1942 affirmet³).
814 1857 864 1924 At
897 1877 956 1940 ego
986 1859 1067 1924 haec
1101 1857 1227 1924 omitto.
1284 1858 1359 1924 Non
1388 1861 1441 1924 est

168 1975 253 2040 enirn
277 1973 362 2055 quod
387 1972 427 2040 de
443 1975 640 2040 coniecturis
663 1980 786 2040 temere
808 1975 950 2055 arreptis
972 1974 1077 2040 fusius
1094 1973 1323 2055 disceptemus
1348 1993 1442 2054 prae-

168 2089 282 2156 sertim
308 2109 379 2154 cum
403 2088 576 2156 Strackius
599 2088 714 2155 mirum
738 2089 772 2154 in
796 2089 923 2155 modum
949 2108 984 2156 se
1019 2095 1173 2170 torquens
1197 2109 1236 2154 ac
1270 2108 1441 2155 macerans

167 2205 201 2270 in
218 2204 310 2270 exilii
324 2205 453 2271 ratione
470 2205 667 2271 illustranda
689 2205 760 2287 ipse
783 2206 851 2270 suis
873 2204 1070 2270 coniecturis
1087 2209 1120 2269 ot
1134 2204 1441 2271 ratiocinationibus

167 2320 260 2386 modo
285 2320 414 2387 diffidat
437 2320 531 2385 modo
555 2320 773 2386 contradicat.
810 2321 864 2385 Ita
886 2319 1025 2401 primum
1050 2319 1182 2386 difficile
1200 2341 1271 2387 esse
1295 2320 1440 2386 iudicare

167 2435 303 2518 fatetur,
322 2436 429 2518 „unde
442 2436 573 2502 exilium
588 2437 722 2517 eiusque
735 2455 866 2502 causam
879 2437 1111 2519 grammaticus
1128 2433 1400 2520 excogitaverit.“
1411 2430 1439 2520 4)

169 2553 262 2634 Tum,
292 2551 404 2617 fabula
427 2552 467 2618 de
501 2551 592 2618 exilii
615 2552 707 2618 fonte
730 2556 866 2618 narrata
878 2547 913 2635 ⁵),
946 2553 1027 2618 haec
1056 2552 1232 2618 adduntur:
1258 2551 1442 2636 „Quocirca

167 2668 258 2736 vitae
282 2672 397 2735 auctor
420 2669 467 2734 sic
496 2668 634 2752 forsitan
668 2667 885 2734 ratiocinatus
909 2664 974 2734 sit“
990 2665 1027 2751 ὃ).
1084 2670 1132 2733 Ε(
1168 2669 1265 2750 paulo
1289 2668 1376 2733 inira
1400 2669 1440 2734 de

168 2785 283 2851 eadem
306 2784 497 2866 quaestione
550 2785 623 2867 „Ea
656 2785 722 2868 fere
754 2784 961 2866 grammatici
992 2783 1056 2849 fuit
1086 2781 1292 2868 captacula?
1335 2785 1376 2849 In
1401 2804 1441 2850 ea

169 2905 278 2966 autem
304 2898 538 2980 disputationis
561 2903 667 2981 parte,
703 2899 759 2964 ubi
782 2898 821 2964 de
846 2899 967 2966 Suidae
991 2905 1025 2964 et
1058 2899 1207 2966 Malalae
1242 2899 1439 2966 testimoniis

170 3035 275 3082 sermo
299 3018 360 3098 est,
385 3016 467 3080 haec
490 3017 604 3080 habet:
653 3013 839 3097 „Perfacile
875 3015 960 3079 enim
995 3015 1117 3081 factum
1152 3035 1224 3080 csse
1258 3021 1377 3099 potest,
1402 3020 1440 3081 ut

169 3130 260 3196 vitae
284 3149 304 3196 a
327 3134 378 3195 tot
399 3130 544 3196 librariis
567 3134 750 3209 temptatae
773 3128 963 3196 innumerae
990 3131 1131 3212 antiquis
1154 3131 1341 3212 temporibus
1363 3152 1439 3196 aar·

168 3247 309 3312 rationes
331 3252 512 3330 exstarent,
548 3265 684 3327 quarum
707 3246 904 3327 paucissima
926 3265 1004 3327 pars
1027 3247 1070 3312 ad
1092 3266 1151 3313 nos
1174 3241 1437 3331 pe1·veniret.“⁷)

171 3361 264 3445 Quae
288 3361 481 3442 omniaque
505 3363 599 3427 modo
624 3381 694 3427 cum
719 3360 866 3427 Strackii
891 3363 1064 3445 sententia,
1089 3366 1177 3428 vitas
1193 3365 1218 3429 J
1221 3365 1369 3430 uvonalis
1392 3365 1439 3430 nil

168 3477 234 3544 nisi
248 3477 362 3544 futiles
378 3477 642 3544 narratiunculas
659 3497 740 3560 esse,
764 3478 1007 3544 reconcilianda
1022 3479 1162 3562 sintne
1177 3481 1304 3545 nescire
1320 3481 1437 3548 fateor.

168 3594 203 3660 N
204 3614 256 3660 am
280 3595 308 3660 si
332 3593 498 3678 „antiquis
515 3594 716 3676 temporibus
732 3594 921 3660 innumerae
937 3595 1028 3661 vitae
1040 3595 1065 3659 J
1068 3595 1217 3661 uvenalis
1231 3597 1438 3662 narrationes

169 3707 401 3794 exst'terunt“,
426 3711 615 3794 quomodo,
641 3729 771 3794 quaeso,
795 3710 866 3776 fieri
882 3713 1000 3794 potuit,
1025 3717 1062 3777 ut
1085 3731 1126 3778 ex
1148 3709 1188 3778 iis
1207 3713 1288 3778 nihil
1312 3713 1353 3779 ad
1378 3732 1438 3778 nos

325 4013 368 4066 De
386 4014 480 4083 exiho,
497 4031 525 4083 p.
544 4013 587 4066 19.

327 4102 369 4155 De
389 4103 502 4156 scholiis
521 4103 720 4171 iuvenaliania
738 4119 764 4172 p.
784 4103 800 4155 6
820 4119 860 4171 sq.

275 4013 297 4079 ¹)

275 4103 299 4169 ²)

275 4190 299 4260 ³)
326 4192 368 4244 De
388 4193 480 4262 exilio,
499 4209 527 4262 p.
546 4190 563 4244 6
582 4208 622 4261 sq.
643 4196 671 4244 et
690 4191 732 4244 17.

273 4279 480 4350 hulpa

275 4369 299 4436 ⁵)
326 4370 405 4439 ibid„
422 4386 448 4439 p.
467 4370 510 4424 10.

274 4457 298 4527 ⁸)
326 4459 404 4530 Ibid„
422 4477 450 4530 p.
468 4461 510 4512 11.

275 4547 299 4620 7)
326 4549 404 4620 Ibid„
421 4567 448 4622 p.
467 4550 510 4604 21.
