3234 4994
804 385 844 446 63

722 468 932 478 ——-—--—

193 613 253 661 sua
275 593 399 663 virtute
422 594 574 676 pervenit
586 589 626 676 1);
651 592 687 659 in
701 593 892 677 Aegyptum
914 611 993 660 vero
1018 609 1098 675 „per
1119 592 1279 657 honorem
1298 586 1459 657 militiae“

193 711 425 777 aDomitiano
449 709 619 791 relegatus
643 715 704 776 est.
750 708 821 794 Quo
844 709 968 775 factum
992 712 1058 791 est,
1082 711 1135 792 ut,
1162 726 1232 774 cum
1257 706 1369 774 taedio
1393 726 1460 774 ser·
1534 761 1536 766 ,

192 825 268 895 vitii
300 826 417 893 urbani
452 829 630 892 commotus
664 826 753 902 intra
779 826 914 894 Nervae
949 829 984 892 et
1011 823 1148 890 Traiani
1174 823 1395 906 principatum
1425 825 1459 893 in

192 942 401 1009 Britanniam
425 960 485 1008 sua
507 946 625 1024 sponte
647 941 814 1024 profectus
837 946 941 1025 esset,
965 941 1115 1007 tribunus
1137 939 1264 1022 primae
1288 938 1459 1006 Dalmata

192 1078 263 1124 rum
288 1057 424 1141 cohorti,
450 1077 532 1138 quae
554 1057 601 1124 ibi
625 1057 750 1125 stativa
772 1057 923 1140 habebat,
947 1056 1181 1139 praeficeretur
1192 1051 1231 1139 ²).

298 1173 433 1260 Quando
450 1175 587 1242 Romam
603 1173 779 1241 luvenalis
795 1173 940 1256 redierit,
965 1193 983 1239 e
1007 1171 1183 1239 satirarum
1207 1171 1352 1238 editione
1386 1191 1459 1238 con-

192 1291 279 1357 icere
302 1309 481 1372 possumus
529 1289 609 1357 Cum
625 1291 747 1371 primus
770 1288 854 1356 liber
877 1295 955 1356 ante
978 1288 1259 1356 ann.107editus
1282 1288 1328 1355 sit
1338 1285 1374 1372 ³),
1400 1289 1459 1354 sub

192 1405 278 1472 idem
302 1411 439 1490 tempus,
463 1406 550 1472 haud
575 1406 687 1490 dubie,
712 1410 811 1488 poeta
833 1407 971 1473 Romam
994 1404 1102 1472 rediit.
1150 1401 1245 1488 Quod
1269 1405 1397 1486 quidem
1421 1423 1459 1470 eo

192 1521 401 1588 verisimilius
424 1522 567 1604 videtur,
593 1521 677 1604 quod
704 1527 773 1589 tum
796 1523 822 1588 J
823 1521 972 1590 uveualis
994 1540 1096 1604 prope
1119 1520 1353 1602 sexagenarius
1378 1525 1458 1604 erat,

193 1657 257 1718 qua
281 1645 393 1704 aetate
409 1639 551 1706 Romani
575 1659 595 1704 a
617 1658 653 1705 re
670 1638 807 1705 militari
822 1658 941 1706 vacare
958 1639 1116 1704 solebant.
1162 1635 1244 1721 His,
1268 1655 1352 1718 quae
1366 1636 1459 1703 modo

193 1754 408 1837 exposuimus
432 1754 574 1821 fortasse
598 1754 773 1821 Juvenalis
805 1752 985 1838 silentium,
1014 1752 1098 1835 quod
1122 1756 1180 1820 sub
1204 1753 1320 1820 Nerva
1343 1757 1378 1818 et
1400 1771 1460 1834 per

182 1868 312 1950 primos
336 1869 465 1951 imperii
488 1868 625 1936 Traiani
649 1887 750 1935 annos
780 1865 961 1952 (es—106)
990 1870 1124 1953 agebat,
1153 1868 1312 1950 explicari
1338 1873 1457 1951 potest.

190 1986 278 2052 Nam
308 1987 414 2068 prima
445 1986 621 2052 satirarum
653 1984 766 2068 initia,
801 1991 839 2052 ut
868 2004 967 2067 supra
995 1984 1151 2066 diximus,
1183 1985 1248 2052 iam
1272 1984 1458 2052 Domitiano

191 2102 374 2183 imperante
397 2101 487 2168 lacta
510 2095 655 2185 erantt);
686 2120 787 2182 quare
810 2101 874 2168 nisi
890 2100 1041 2167 militiam
1065 2099 1230 2184 cognitam
1253 2101 1457 2182 haberemus

191 2216 308 2284 mirum
332 2237 410 2283 sane
434 2217 615 2300 viderem,
650 2237 707 2283 cur
730 2217 926 2284 Domitiano
945 2217 1052 2283 occiso
1075 2217 1146 2298 ipse
1170 2217 1291 2283 satiras
1315 2215 1459 2283 edendas

191 2352 254 2399 uon
279 2332 433 2400 curaret?
472 2332 573 2399 Ouius
603 2334 651 2399 rei
680 2333 821 2399 tortasse
850 2332 992 2415 scriptor
1015 2331 1200 2401 Vossianae
1230 2351 1314 2415 quae
1338 2332 1459 2398 dicitur

193 2449 283 2514 vitae
299 2442 454 2532 meminit,
472 2469 544 2515 cum
560 2443 641 2516 haec
657 2449 776 2516 tradit:
802 2448 952 2532 „Deinde
976 2447 1035 2530 (sc.
1046 2454 1128 2530 post
1145 2447 1282 2515 mediam
1300 2445 1457 2531 aetatem)

193 2562 234 2628 ad
257 2563 406 2644 poeticen
422 2584 457 2630 se
474 2563 656 2646 applicavit
679 2570 713 2629 et
729 2570 896 2647 postquam
918 2565 975 2629 dia
999 2564 1095 2630 tacuit
1111 2600 1151 2609 -
1169 2566 1209 2632 ab
1231 2560 1457 2645 indignatione

191 2677 330 2761 incepit:
361 2680 517 2764 „Semper
532 2699 597 2770 ego
614 2679 744 2746 auditor
757 2676 932 2746 tantumf‘,
964 2679 1016 2744 De
1032 2678 1267 2762 Synnerbergii
1282 2677 1458 2761 sententia,

192 2795 247 2875 qui
270 2795 445 2863 luvenalis
468 2795 634 2862 silentium
658 2797 717 2862 sub
741 2796 856 2862 Nerva
885 2800 920 2860 et
942 2815 1001 2877 per
1024 2793 1146 2877 primos
1169 2795 1297 2877 imperii
1321 2793 1458 2860 Traiani

193 2928 294 2976 annos
326 2910 553 2995 „diligentiore
583 2911 722 2992 quadam
746 2907 916 2977 cautione“
947 2910 1123 2977 satirarum
1147 2910 1302 2993 scriptori
1323 2908 1458 2992 propria

194 3025 359 3107 explicare
375 3031 511 3093 conatus
536 3033 588 3092 est
597 3021 633 3109 ⁵),
658 3046 722 3092 non
738 3031 790 3093 est
806 3027 890 3108 quod
906 3026 1011 3094 fusius
1028 3026 1201 3108 disputem.
1240 3025 1456 3094 Manifestum

195 3141 279 3208 enim
304 3147 371 3224 est,
395 3141 554 3209 Juvenali
578 3141 737 3208 eiusmodi
763 3140 953 3225 „cautione“
979 3143 1067 3208 haud
1090 3160 1170 3224 opus
1193 3141 1310 3225 fuisse,
1340 3142 1458 3224 quippe

192 3257 246 3338 qui
269 3257 303 3323 in
327 3256 439 3324 satiris
461 3257 645 3339 praeterita
668 3263 816 3340 tempora
839 3264 1046 3340 mortuosque
1068 3261 1229 3324 notasset.

296 3371 472 3453 Reliquum
494 3371 586 3440 vitae
610 3377 739 3454 tempus
762 3373 937 3440 Juvenalis
964 3372 1051 3440 haud
1074 3373 1172 3440 dubie
1194 3393 1296 3456 prope
1319 3375 1456 3441 Romam

191 3488 354 3570 transegit
376 3487 488 3554 satiris
512 3487 647 3555 edendis
664 3493 852 3570 occupatus.
897 3488 1066 3556 Extremis
1090 3489 1226 3555 Traiani
1255 3488 1457 3570 temporibus

190 3602 287 3683 primi
316 3608 384 3669 tres
412 3603 489 3669 libri
517 3604 597 3670 editi
626 3601 748 3688 suutll.
800 3603 865 3671 Sub
892 3603 978 3671 idem
1008 3608 1136 3688 tempus
1166 3604 1364 3672 familiarem
1387 3624 1456 3671 rem

190 3736 281 3785 suam
315 3719 491 3787 Juvenalis
520 3719 651 3788 auxisse
683 3719 815 3788 videtur
826 3713 863 3802 ⁷).
920 3721 1044 3788 Taedio
1072 3722 1163 3790 vitae
1198 3725 1343 3788 urbanae
1371 3741 1457 3789 com·

189 3838 297 3900 motus
325 3835 484 3916 annisque
514 3836 704 3904 debilitatus
732 3837 839 3904 Roma
865 3836 1022 3920 migravit
1051 3839 1148 3904 etin
1176 3857 1256 3922 agro
1280 3837 1455 3904 Tiburtino

295 4027 319 4095 ι)
336 4029 401 4081 Vita
417 4029 576 4083 Bodleiane.

295 4117 320 4184 ²)
338 4117 399 4171 Vid.
418 4134 492 4188 supr.
511 4136 537 4188 p.
556 4119 591 4171 58
609 4123 637 4171 et
654 4118 697 4172 59.

294 4206 318 4273 ³)
336 4208 474 4278 Weidner,
493 4212 507 4274 ξ
528 4208 561 4261 10
580 4209 668 4262 et16.
704 4209 887 4278 Synnerberg,
905 4227 932 4279 p.
951 4210 984 4262 55
1004 4225 1044 4278 aq.

293 4295 317 4362 ⁴)
338 4295 376 4350 cl.
394 4302 539 4366 praeterea
557 4297 790 4368 Synnerbergium
807 4317 836 4369 p.
855 4300 896 4352 77.

294 4385 304 4420 ⁵
336 4387 368 4438 L:
384 4386 401 4440 l.
419 4403 446 4455 p.
466 4386 507 4439 79.

293 4471 304 4504 ⁶
336 4475 475 4546 Weidner,
494 4475 570 4546 510,
589 4476 622 4528 12
643 4491 684 4545 eq.
721 4477 903 4547 &number-g,
922 4494 948 4546 p.
967 4477 1000 4529 87
1021 4493 1061 4546 sq.

294 4559 303 4591 ⁷
338 4560 377 4616 cf.
395 4565 456 4616 infr.
475 4581 503 4633 p.
522 4563 557 4616 64
575 4581 638 4618 eun.
657 4565 682 4617 1.
720 4565 831 4636 lelsm,
850 4566 868 4634 l.
888 4565 906 4618 l.
924 4583 952 4635 p.
971 4565 1031 4618 106.
