3234 4994
715 383 927 472 „2-

185 587 303 669 potuit.
348 587 477 653 Deinde
492 589 518 653 J
520 587 669 655 uvenalis
690 589 865 654 satirarum
889 587 1023 670 scholia,
1049 606 1184 668 quorum
1208 587 1454 654 fundamentum

185 708 333 768 veterum
368 703 653 785 grammaticorum
689 703 951 770 commentarii
942 723 1007 770 ram
1032 702 1199 770 Hadriani
1234 709 1292 769 aut
1314 702 1456 770 Antoni-

185 837 300 884 norum
324 837 362 884 ae
364 822 435 884 tate
459 819 574 901 scripti
563 815 782 903 rfuerunt¹.)
830 817 933 904 Quam
960 820 1093 885 obrem
1118 819 1198 885 illud
1223 819 1316 885 nobis
1340 823 1457 901 proha·

185 935 348 1001 tissimum
377 935 455 1017 erit,
491 955 529 1000 eo
557 935 628 1016 ipso
664 941 810 1017 tempore
839 955 902 1017 quo
932 936 1055 1002 scholia
1087 936 1202 1002 etiam
1217 937 1336 1004 breves
1367 937 1457 1004 vitae

184 1050 210 1114 J
212 1051 427 1118 uvenalianae
445 1051 682 1132 descriptiones
697 1050 821 1116 litteris
838 1051 1012 1117 mandatas
1029 1070 1110 1118 esse.
1151 1052 1249 1118 Nunc
1265 1051 1294 1117 si
1310 1052 1455 1117 conside-

184 1185 309 1249 remus,
334 1167 547 1249 Juvenalem,
571 1171 609 1232 ut
631 1166 718 1232 infra
742 1166 1045 1250 demonstrabimus,
1070 1167 1161 1234 intra
1190 1174 1251 1234 127
1278 1173 1312 1232 et
1340 1173 1398 1232 129
1424 1187 1454 1248 p.

186 1283 261 1350 Chr.
279 1302 352 1349 ann.
370 1287 533 1348 mortuum
550 1301 630 1365 esse,
653 1287 794 1365 nonest,
820 1302 877 1348 eur
900 1281 1095 1365 dubitemus
1114 1283 1202 1367 quin,
1228 1302 1288 1365 quo
1307 1287 1455 1363 tempore

185 1405 317 1464 veteres
333 1397 538 1481 grammatici
551 1403 585 1462 et
597 1399 795 1478 interpretes
808 1397 842 1463 in
860 1397 982 1464 satiras
996 1399 1246 1465 commentarios
1261 1399 1453 1480 scriberent,

185 1515 341 1580 memoria
356 1533 465 1580 rerum
480 1513 776 1580 ‹luvenalianarum
792 1513 1022 1580 recentissima
1033 1513 1144 1596 fuerit,
1159 1513 1253 1579 falsis
1270 1513 1456 1579 rumoribus

185 1630 440 1713 commentisque
471 1631 612 1697 nondum
639 1632 817 1698 obliterata
840 1639 896 1698 ant
920 1635 1106 1699 obscurata.
1154 1633 1226 1699 Nec
1246 1633 1458 1715 praetermit-

185 1748 319 1813 tendum
350 1753 415 1831 est,
445 1747 670 1829 diligentiores
699 1766 795 1828 quam
819 1747 956 1829 utquid
981 1753 1105 1814 temere
1130 1754 1228 1831 atque
1253 1767 1293 1814 ex
1317 1749 1456 1814 arbitrio

186 1861 310 1944 fingere
333 1862 491 1928 auderent
513 1862 615 1928 luisse
638 1863 881 1929 vetustissimos
905 1864 1083 1930 luvenalis
1106 1865 1313 1948 interpretes
1340 1870 1456 1946 utpote

188 1995 267 2056 quos
293 1977 375 2043 nihil
405 1997 446 2043 ex
475 1996 532 2043 suo
561 1977 682 2044 addere
711 1979 826 2044 solltos
855 1979 998 2062 vestigia
1028 1980 1186 2062 simplicis
1220 1980 1456 2061 inornataeque

187 2091 344 2157 orationis
377 2093 542 2173 posterius
578 2094 705 2160 demum
734 2095 828 2161 falsis
856 2095 1094 2161 additamentis
1125 2095 1326 2161 deformatae
1357 2101 1455 2177 atque

186 2214 359 2288 corruptae
375 2209 544 2275 evidenter
561 2209 738 2275 declarent.
772 2193 841 2277 'Sed
854 2210 954 2276 etiam
972 2210 1053 2276 illud
1069 2211 1272 2276 monendum.
1309 2212 1455 2278 Straokii

187 2324 363 2408 sententia,
382 2344 487 2407 „saec
505 2325 543 2390 II
559 2331 594 2390 et
609 2326 667 2390 III
680 2325 705 2390 J
706 2326 857 2392 uuenalis
873 2326 994 2392 satiras
1012 2345 1032 2393 a
1047 2325 1272 2408 grammaticis
1285 2328 1457 2408 neglectas

186 2437 228 2504 iis
252 2443 486 2525 tantummodo,
512 2441 566 2522 qui
591 2443 722 2526 legendi
743 2443 914 2525 uoluptate
938 2447 1138 2524 tenerentur,
1163 2447 1259 2508 notas
1282 2438 1455 2526 luisse“²),

187 2563 220 2620 et
259 2576 379 2638 anceps
419 2564 453 2622 et
490 2559 667 2625 temerarIa
705 2559 782 2623 mihi
817 2558 959 2624 videtur.
1006 2558 1152 2624 Primum
1187 2558 1272 2623 enim
1308 2563 1455 2623 veterum

186 2672 473 2752 grammaticorum
498 2673 531 2738 in
555 2673 754 2739 Iuvenalem
778 2673 1020 2756 commentarii,
1052 2674 1092 2739 de
1122 2674 1238 2754 quibus
1269 2693 1369 2756 supra
1391 2693 1457 2739 mo·

185 2786 333 2871 hulmus,
370 2788 490 2854 satiras
519 2787 611 2854 brevi
643 2793 717 2868 post
745 2794 883 2854 mortem
911 2794 1028 2868 poetae
1055 2788 1225 2854 lectitatas
1250 2807 1337 2871 esse,
1372 2790 1455 2854 satis

188 2905 425 2971 demonstrant.
473 2905 555 2971 Tum
590 2904 725 2970 eandem
760 2924 828 2970 rem
862 2903 1116 2986 insignissimum
1151 2904 1273 2970 codicis
1301 2904 1456 2985 rescripti

187 3020 405 3103 fragmentum
442 3023 483 3086 ab
518 3021 649 3102 Angelo
684 3019 778 3086 Maio
813 3027 978 3101 repertum
1014 3021 1198 3086 luculenter
1237 3019 1407 3086 confirmat
1417 3018 1454 3103 ³).

188 3134 283 3218 Quod
306 3136 482 3202 luvenalis
505 3135 629 3202 satirae
645 3142 781 3215 quartae
805 3135 952 3201 decimae
975 3135 1071 3201 finem
1095 3141 1129 3201 et
1153 3135 1286 3216 quintae
1311 3135 1456 3202 decimae

187 3251 383 3334 principium
419 3251 605 3333 continens,
638 3271 709 3318 eam
743 3253 832 3332 sapit
861 3251 1106 3333 antiquitatem,
1140 3256 1177 3316 ut
1208 3251 1455 3332 rescriptionem

188 3368 259 3434 eius
283 3367 324 3434 ad
347 3367 483 3433 tertium
505 3385 606 3448 usque
622 3368 786 3433 saeculum
803 3367 929 3434 referas
946 3385 1080 3433 necesse
1105 3366 1149 3432 sit
1158 3359 1195 3447 ¹).
1236 3367 1327 3432 Idem
1345 3371 1456 3433 tamen

187 3483 222 3549 in
240 3483 358 3566 exiguo
374 3501 525 3550 versuum
542 3502 676 3549 numero
693 3488 761 3548 tam
778 3483 953 3548 manifesta
969 3483 1086 3548 menda
1102 3481 1277 3563 variasque
1296 3483 1455 3548 lectiones

189 3601 335 3682 exhibet,
359 3605 396 3665 ut
423 3600 488 3665 iam
513 3604 580 3666 turn
605 3598 746 3680 plurima
769 3604 887 3681 poetae
912 3599 1114 3680 exemplaria
1138 3599 1359 3680 plurimosque
1383 3598 1452 3664 eius

189 3715 388 3796 interpretes
419 3715 562 3781 fuisse
553 3735 586 3780 1n
589 3710 830 3798 tellegamus5.)
878 3713 971 3797 Quod
1008 3720 1061 3780 sat
1063 3715 1108 3797 is,
1145 3720 1183 3778 ut
1213 3713 1309 3781 varia
1339 3714 1457 3779 menda

294 4008 317 4074 ¹)
349 4009 381 4062 Ε.
399 4007 537 4078 Matthiae,
556 4008 598 4060 De
617 4007 729 4060 scholiis
747 4006 945 4077 JuvenaIIanie,
964 4005 1206 4076 Halia-Saxonum,
1226 4005 1296 4057 1875
1320 4022 1347 4075 p.
1371 4003 1390 4056 4
1414 4020 1455 4073 sq.

293 4098 317 4165 2)
345 4099 388 4152 De
408 4099 501 4167 exilio,
519 4115 546 4167 p.
566 4096 591 4150 6.

293 4185 317 4258 ³)
345 4187 432 4240 class.
452 4191 524 4240 auct.
543 4202 558 4239 e
577 4187 665 4239 Vetie.
685 4185 769 4239 codic.
789 4186 853 4238 edIt.
873 4184 904 4238 T.
922 4185 979 4256 lII.,
997 4203 1024 4255 p.
1042 4185 1141 4238 XVIII.
1155 4214 1188 4224 -
1201 4183 1338 4254 Dultieu,
1357 4183 1456 4236 Sched.

188 4278 275 4331 Vatia.
294 4278 381 4347 Lugd.
400 4277 496 4332 Batav.
515 4275 594 4346 1860,
612 4293 638 4346 p.
658 4275 720 4328 131.

293 4365 317 4434 ⁴)
347 4366 375 4420 G.
413 4367 457 4419 Fr.
496 4366 645 4436 Hermann,
683 4366 726 4418 De
766 4365 908 4420 codicibus
952 4365 1095 4419 luvenalis
1138 4369 1213 4417 recte
1254 4363 1457 4433 existImandis,

189 4455 343 4527 Gottingae,
362 4456 431 4508 1847
450 4474 477 4526 p.
496 4455 521 4508 6.

294 4545 317 4612 ⁵)
344 4545 492 4616 Hermann,
511 4545 577 4599 ibid.
595 4563 623 4615 p.
640 4544 665 4597 4.

1261 4649 1296 4703 1*
