3234 4994
796 383 837 442 tn

178 594 317 673 „poetae
341 587 545 656 doctissimi“
574 608 691 656 nornen
715 589 882 672 acceperit
897 586 930 673 ¹),
961 589 1043 657 illud
1066 590 1160 655 nobis
1183 590 1445 670 probatissimum

178 705 253 787 erit,
287 705 387 771 etiam
419 705 460 771 de
494 705 567 771 vita
598 723 719 788 eorum,
753 705 788 771 in
821 725 955 787 qnorum
984 706 1102 772 studiis
1132 707 1340 789 versabatur,
1374 725 1447 771 eum

178 821 396 905 cognitionem
434 821 635 887 subtiliorem
669 841 686 886 e
719 821 884 902 primariis
917 821 1062 888 lontibus
1097 823 1250 887 haustam
1284 822 1446 887 habuisse.

178 935 328 1020 Accedit,
351 937 436 1017 quod
452 935 573 1016 duplex
589 938 764 1003 satirarum
781 937 939 1022 recensio,
957 957 1094 1019 quarum
1111 937 1250 1004 alteram
1268 936 1447 1002 christiano

179 1053 305 1120 cuidam
329 1052 451 1118 homini
475 1058 574 1134 atque
599 1052 824 1120 ecclesiastico
848 1054 1012 1135 debemus,
1038 1055 1125 1120 circa
1142 1055 1307 1119 saeculum
1323 1053 1375 1121 VI
1394 1054 1448 1119 vel

178 1170 250 1238 VII
266 1168 398 1234 exstitit
408 1164 446 1251 ²),
472 1188 568 1250 quam
593 1171 632 1234 ob
648 1188 717 1234 rem
733 1169 1031 1250 probabilissimum
1047 1169 1139 1235 nobis
1156 1170 1297 1250 videtur,
1322 1168 1449 1249 Apolli·

180 1305 302 1366 narem,
321 1305 382 1367 quo
399 1293 546 1368 tempore
562 1304 661 1367 opera
676 1304 736 1351 sua
752 1284 922 1368 scriberet,
940 1305 1011 1351 oum
1028 1285 1255 1366 antiquissimo
1273 1285 1448 1351 satirarum

180 1401 291 1468 codiee
315 1402 414 1467 etiam
444 1401 704 1467 uetustissimam
735 1401 760 1465 J
763 1402 911 1467 nvenalis
939 1403 1051 1481 vitam,
1083 1420 1166 1481 quae
1190 1401 1448 1481 corruptelarum

179 1517 233 1585 vel
257 1516 553 1583 additamentorum
587 1517 744 1598 temporis
767 1517 959 1597 posterioris
982 1519 1056 1584 labe
1083 1529 1214 1584 careret
1248 1519 1290 1584 ad
1318 1535 1449 1583 manum

178 1634 301 1700 habere
326 1632 483 1715 potuisse.
530 1630 625 1717 Quod
651 1631 678 1698 si
703 1633 898 1716 consideres,
929 1633 1006 1714 quid
1036 1640 1087 1699 est
1114 1652 1172 1700 cur
1198 1633 1270 1700 fieri
1302 1635 1449 1716 potuisse

179 1767 290 1832 neges
325 1753 364 1813 nt
397 1747 612 1830 Apollinaris
645 1748 700 1829 qui
735 1754 863 1815 tantum
899 1749 1091 1830 diligentiae
1130 1755 1165 1814 et
1203 1750 1373 1817 doctrinae
1408 1750 1450 1816 ad

180 1863 353 1931 historiam
386 1868 598 1945 veterumque
622 1871 791 1930 auctorum
816 1866 941 1946 scripta
975 1862 1192 1949 adhiberet³),
1226 1865 1448 1932 testimonium

183 1981 224 2046 de
249 1980 416 2047 Juvenale
440 1981 539 2063 „irati
561 1980 733 2047 histrionis
765 1979 892 2064 exule“,
926 2001 967 2046 ex
997 1982 1058 2047 hoc
1089 1979 1317 2061 antiquissimo
1342 2002 1449 2048 rerum

181 2095 205 2162 J
209 2096 479 2163 uvenalianarnm
511 2097 603 2163 fonte
634 2096 743 2177 potins
774 2115 870 2176 quam
900 2116 920 2163 a
945 2096 1077 2162 fabellis
1109 2095 1244 2161 falsisve
1267 2096 1449 2162 rumoribus

180 2217 395 2279 mutuaretur.
1036 2272 1052 2302 ,Ι

288 2327 462 2410 Septimum
484 2327 509 2393 J
511 2328 780 2394 uvenalianarum
809 2347 917 2392 rerum
948 2328 1067 2411 fontem
1095 2327 1216 2394 Snidae
1246 2334 1280 2393 et
1305 2326 1451 2392 Malalae

180 2438 380 2527 debemus4).
428 2443 492 2527 Qui
515 2449 635 2526 tamen,
659 2450 697 2509 ut
719 2442 823 2526 inepti
849 2444 1088 2527 compilatores
1117 2443 1243 2526 indigni
1268 2448 1352 2525 sunt,
1383 2442 1451 2524 qni·

180 2563 241 2627 bus
263 2560 364 2626 ullam
386 2560 481 2626 fidem
504 2561 680 2626 habeamus
690 2556 726 2643 ⁵).

287 2675 352 2742 Sed
374 2677 456 2743 haee
480 2677 608 2757 quidem
632 2678 797 2742 hactenus.
844 2677 941 2743 Nunc
965 2675 1007 2742 ad
1023 2677 1170 2758 singulas
1191 2676 1230 2742 de
1247 2675 1320 2743 vita
1335 2681 1451 2756 poetae

180 2792 389 2874 quaestiones
413 2793 652 2859 adumbrandes
677 2793 878 2859 accedamus.

288 3077 311 3144 ¹)
338 3077 600 3146 Teuffel-Schwabe,
625 3075 789 3129 Gesohichte
814 3077 839 3128 d.
863 3075 993 3128 riimiseh.
1011 3075 1123 3128 Liberat.
1168 3074 1193 3126 4.
1213 3073 1285 3126 Auss.
1332 3075 1452 3143 Leipzig,

181 3166 249 3219 1882
269 3171 283 3232 5
301 3165 353 3218 467
372 3183 435 3219 ann.
454 3166 470 3219 3
491 3171 519 3218 et
536 3165 561 3217 8.

287 3255 311 3325 ²)
338 3255 488 3325 Hermann,
507 3256 592 3325 praef.
613 3255 654 3306 ed.
673 3255 825 3322 luvenalis,
843 3272 870 3324 p.
889 3253 961 3306 XIX.

288 3342 312 3411 ³)
340 3343 837 3414 abinberch.u.rumisch.1.ner.
873 3343 899 3394 4.
918 3342 991 3395 Auss.
1029 3340 1186 3408 Oerlsmhe,
1208 3339 1283 3410 1868,
1302 3339 1321 3408 Ι,
1340 3356 1367 3409 p.
1385 3339 1453 3410 4713

181 3434 216 3504 II,
234 3452 260 3505 p.
280 3433 340 3486 641.
360 3464 394 3472 —
413 3433 674 3503 Teuffel-Schwabe,
691 3433 757 3487 ibid.

286 3521 311 3589 ⁴]
338 3522 363 3575 J.
382 3523 506 3592 lieleles,
526 3521 754 3592 chronographia
772 3537 808 3574 ex
825 3537 879 3574 ree.
899 3523 927 3574 1..
947 3521 1091 3587 Dindorfii,
1115 3521 1143 3570 in
1163 3533 1245 3587 opere
1264 3518 1338 3588 quod
1355 3519 1452 3570 inscri-

182 3612 257 3666 bitur
277 3611 403 3683 „Oorpus
422 3614 588 3682 scriptorum
608 3611 740 3664 historiae
766 3611 942 3680 Byzantinae,
966 3610 1091 3676 Bonnae,
1116 3606 1200 3676 1831,
1226 3608 1273 3660 lib.
1293 3608 1327 3677 X,
1345 3623 1371 3676 p.
1391 3605 1451 3658 263.

182 3731 217 3740 —
236 3700 344 3770 Suides,
362 3702 484 3754 Lexieon
503 3717 601 3770 graece
620 3705 648 3754 et
666 3702 760 3769 latine,
778 3700 865 3769 Helio,
884 3699 962 3768 1843,
980 3699 1001 3767 1,
1019 3716 1045 3769 p.
1065 3696 1135 3750 1003
1155 3713 1195 3766 sq.

289 3791 312 3861 ⁵)
340 3791 525 3861 Synnerberg,
542 3807 569 3861 p.
587 3791 702 3844 41-43.
739 3790 846 3858 Streek,
864 3806 888 3858 p.
909 3789 951 3840 21.

658 4089 976 4106 Ιλ.ΛΙνΝΙΝΛΙΧΛ-ΛΛΙΝΛΙΧΛΛΙ·
