3234 4994
792 377 832 442 10

176 590 352 658 Juvenalis
391 591 471 674 vita,
507 592 601 658 brevi
635 597 712 674 post
745 598 881 658 mortem
916 595 1034 673 poetae
1074 593 1270 674 conscripta,
1309 611 1442 658 manare

174 707 330 788 potuisse.
382 705 469 791 Quid
502 708 609 775 enim?
648 708 745 776 Unde
774 709 856 776 haec
883 714 998 775 auctor
1025 709 1168 774 mutuari
1198 709 1333 789 potuit?
1370 708 1442 774 Nec

174 821 209 888 in
233 823 308 889 aliis
331 823 411 891 vitis
433 843 494 890 nec
516 825 550 889 in
574 824 773 891 carminibus
800 832 917 907 poetae
947 843 1062 891 nomen
1087 825 1258 890 Martialis
1290 823 1441 890 occurrit.

174 939 216 1006 In
246 939 288 1006 iis
316 960 404 1021 vero,
438 960 520 1022 quae
549 942 589 1007 de
619 941 779 1008 Martiale
808 942 842 1007 in
870 941 1003 1008 scholiis
1037 939 1259 1022 inveniuntur,
1292 941 1373 1006 nihil
1402 939 1443 1006 de

174 1054 352 1122 Juvenalis
376 1075 447 1122 cum
468 1057 628 1123 Martiale
657 1057 888 1124 familiaritate
916 1057 1003 1124 inest
1012 1053 1046 1140 ¹).
1085 1055 1158 1122 Ncc
1178 1056 1443 1136 praetermitten-

175 1170 251 1236 dum
275 1178 335 1253 est,
360 1171 553 1238 Martialem
583 1177 635 1238 ter
659 1173 759 1238 solum
785 1179 819 1238 et
841 1172 876 1238 id
905 1173 1033 1254 quidem
1061 1173 1095 1238 iu
1126 1173 1250 1238 ultimis
1283 1173 1442 1254 epigram-

175 1291 300 1354 matum
324 1287 419 1354 libris
442 1288 639 1355 Iuvenalem
664 1307 844 1354 memorare
853 1283 889 1370 2),
914 1307 1009 1370 quam
1026 1291 1065 1354 ob
1082 1307 1212 1354 causam
1231 1307 1294 1354 non
1312 1306 1441 1368 possum

175 1421 241 1468 non
265 1402 439 1485 affirmare,
464 1402 521 1470 vix
544 1403 635 1469 vitae
660 1408 826 1469 auctorem
850 1404 889 1470 de
913 1403 1142 1470 familiaritate
1165 1404 1336 1484 utriusque
1358 1403 1443 1468 reui-

177 1523 278 1600 tuque
301 1517 473 1585 Martialis
497 1518 664 1599 exipsius
689 1519 885 1585 carminibus
911 1520 1116 1601 comperisse.

281 1635 322 1699 Iu
345 1633 481 1715 reliquis
504 1633 585 1700 vitis
608 1636 700 1701 nulla
722 1635 791 1700 fere
816 1635 899 1701 satis
924 1636 1015 1702 clara
1038 1656 1077 1702 ac
1100 1636 1259 1703 distincta
1289 1637 1443 1717 antiquae

175 1753 375 1819 narrationis
411 1751 555 1834 vestigia
592 1753 871 1834 deprehendimus.
938 1754 977 1819 In
1017 1753 1098 1834 vita,
1138 1773 1222 1835 quae
1260 1754 1443 1820 Bodleiana

176 1868 305 1942 dicitur,
339 1869 402 1934 duo
427 1868 585 1934 eiusmodi
608 1870 752 1952 vestigia
773 1870 965 1952 reperimus,
999 1890 1133 1952 quorum
1156 1891 1253 1936 unum
1282 1872 1343 1936 hoc
1373 1875 1441 1936 est:

177 1983 279 2069 „Cum
304 2005 346 2050 ex
367 1984 499 2067 Aquino
523 1986 697 2068 municipio
720 1989 857 2052 Romam
882 2007 917 2053 se
945 1987 1140 2054 contulisset
1170 1993 1204 2052 ct
1232 1987 1273 2052 ad
1301 1987 1444 2070 dignita-

176 2105 242 2166 tem
267 2103 430 2183 equestris
453 2101 577 2169 ordinis
600 2121 659 2168 sua
681 2102 806 2168 virtute
827 2104 999 2183 pervenire
1015 2099 1252 2185 meruisset³)“.
1289 2101 1443 2166 Alterum

177 2217 218 2282 ad
246 2216 410 2284 Scoticam
434 2237 517 2299 quae
541 2217 662 2282 dicItur
685 2217 711 2281 J
712 2217 863 2283 uvenalis
886 2217 1037 2282 militiam
1061 2211 1248 2299 refertur4).
1280 2215 1444 2285 Videntur

177 2338 285 2399 tamen
306 2333 388 2400 haec
410 2333 518 2400 omnia
539 2332 637 2398 facile
660 2352 700 2399 cx
722 2333 834 2399 satiris
855 2332 959 2413 ipsius
980 2337 1097 2413 poetae
1118 2333 1312 2413 deprompta
1327 2326 1440 2413 esse5).

282 2449 373 2534 Quae
398 2450 438 2517 dc
461 2451 512 2516 his
535 2449 712 2517 Juvenalis
735 2449 814 2516 vitis
838 2448 931 2515 modo
956 2448 1106 2530 diximus,
1132 2448 1245 2514 eadem
1274 2452 1374 2529 recte,
1404 2452 1443 2512 ut

177 2565 300 2648 opinor,
326 2566 368 2632 ad
391 2567 525 2631 alterum
548 2566 630 2630 uitae
653 2565 869 2649 elefantem,
900 2584 993 2647 quem
1023 2564 1057 2630 in
1089 2564 1272 2647 fragmento
1305 2563 1442 2645 quodam

177 2679 475 2762 Schurzfleischiil)
500 2687 599 2763 atque
622 2682 656 2747 in
680 2681 845 2747 nonnullis
862 2680 1059 2747 scholiorum
1082 2673 1208 2764 lociis⁷)
1232 2679 1444 2760 deprehendi-

176 2817 256 2882 mus,
282 2799 399 2864 referri
422 2803 559 2880 possunt
568 2795 604 2881 8).

287 2923 429 2990 Tertium
451 2924 484 2990 in
508 2922 707 2989 testimoniis
727 2921 831 3003 ipsius
854 2926 971 3003 poetae
990 2921 1174 2988 invenimus
1182 2919 1218 3003 ⁹),
1236 2939 1319 3003 quac
1335 2927 1443 2986 tamen

177 3037 258 3104 adeo
282 3057 389 3120 pauca
412 3045 448 3105 et
470 3041 611 3120 abrupta
634 3044 719 3122 sunt,
744 3044 781 3104 ut
804 3039 1000 3104 coniecturis
1025 3057 1065 3102 ex
1101 3037 1245 3118 antiquis
1272 3037 1352 3104 vitis
1391 3038 1444 3102 dc·

177 3153 316 3235 sumptis
340 3159 470 3237 egeant.

284 3269 442 3348 Quartum
466 3269 499 3334 in
524 3267 772 3352 epigrammatis
796 3267 964 3334 Martialis
987 3267 1143 3333 habemns
1156 3263 1205 3347 ¹⁰).

175 3493 493 3502 ——--—-—-—

284 3669 291 3698 ¹
335 3667 426 3720 Schol.
446 3668 481 3721 ad
506 3669 561 3721 Sat.
580 3669 626 3734 lu,
645 3667 692 3737 383
726 3669 772 3736 XI,
791 3666 851 3720 162.
870 3695 904 3706 -
928 3667 1034 3719 Probus
1054 3667 1088 3719 ad
1108 3667 1162 3719 Sat.
1182 3667 1203 3730 Ι,
1224 3666 1272 3736 76;
1307 3667 1443 3737 v11,1³0.

283 3757 294 3788 ²
334 3757 407 3810 Iribr.
428 3757 476 3808 VII
496 3773 538 3827 ep.
558 3757 593 3808 24
612 3762 639 3809 et
657 3756 704 3825 913
731 3757 778 3809 lib.
799 3757 850 3807 XII
869 3772 911 3825 cp.
931 3755 973 3807 18.

283 3843 294 3878 ³
326 3846 512 3916 Synnerberg,
530 3863 557 3916 p.
575 3845 694 3916 49-503
723 3847 756 3898 cf.
775 3847 837 3898 inl'r.

281 3933 306 4001 ⁴)
336 3935 404 3999 „sub
419 3934 531 3988 honoris
544 3939 692 4004 praetextu
710 3936 776 3987 lecit
794 3950 858 3988 cum
877 3937 1038 4000 (tyrannus)
1056 3935 1227 4003 praefectum
1239 3934 1334 3986 militis
1349 3938 1445 3985 contra

177 4024 284 4092 Scotoa‚
304 4027 351 4093 qui
369 4024 473 4078 bellum
497 4030 593 4077 contra
611 4024 752 4077 Romanos
771 4029 929 4093 moverant,
953 4029 985 4076 ut
1002 4024 1040 4076 ibi
1058 4025 1258 4076 interficeretur
1275 4023 1443 4075 Juvenalis.“

283 4113 306 4180 5)
335 4114 441 4184 Strack,
459 4130 485 4183 p.
505 4113 619 4166 24-25.
656 4113 695 4165 Os.
715 4115 777 4166 inlr.

282 4201 307 4269 ⁶)
334 4203 366 4255 ln
385 4204 469 4273 prael.
489 4203 617 4274 spicileg.
636 4206 730 4255 annot.
748 4204 777 4254 in
795 4203 859 4256 Juv.
878 4204 954 4255 satir.
974 4203 1101 4256 Vinariae
1120 4202 1199 4256 1717.

283 4289 306 4358 ⁷)
335 4291 379 4345 Ad
398 4291 494 4362 Sati,
513 4295 544 4363 13
570 4291 684 4362 1V,38;
711 4291 837 4362 vl1,92·,
864 4291 923 4360 XV,
942 4291 990 4362 223
1017 4292 1088 4361 XVI,
1107 4292 1132 4345 3.

282 4379 306 4448 ⁸)
335 4381 441 4451 Streclr,
459 4399 486 4452 p.
505 4382 618 4435 17-20.
656 4381 838 4452 Synucrberg‚
856 4398 883 4452 p.
902 4381 945 4433 31.

281 4469 306 4539 ⁹)
335 4470 374 4524 Of.
392 4472 454 4524 infr.

285 4558 319 4628 ¹⁰)
348 4559 387 4613 Cf.
407 4575 482 4631 supr.
501 4577 563 4614 ann.
583 4560 608 4617 2.
