3234 4994
760 314 801 372 26

674 397 883 405 ——...

148 520 378 604 investigandi,
393 519 509 603 quibus
520 539 605 586 nunc
619 522 765 590 homines
778 521 866 589 docti
878 521 1053 604 excellunt,
1067 520 1191 603 antiqui
1202 522 1408 606 scholiastae,

152 637 368 721 grammatici,
391 637 589 718 interpretes
619 637 747 704 omnino
770 638 924 721 propensi
946 657 1010 704 non
1034 643 1137 704 erant.
1194 636 1258 722 Qui
1282 638 1410 718 quidem

149 771 221 819 cum
256 771 317 819 nee
350 753 590 835 interpretandi
628 753 837 823 iudicandive
873 760 944 822 arte
981 772 1087 836 neque
1125 754 1262 820 aliarum
1300 773 1409 821 rerum

150 869 334 953 cognitione
358 888 485 951 semper
508 871 665 952 quantum
682 889 762 953 opus
785 876 873 938 esset
888 872 1048 954 valerent,
1072 889 1230 952 persaepe
1246 870 1409 936 nominum

149 985 308 1052 clarorum
331 985 476 1051 virorum
499 985 726 1068 tectorumque
750 1006 860 1053 eorum
885 987 1008 1054 nullam
1030 985 1189 1053 rationem
1213 987 1408 1053 habuerunt.

147 1097 300 1168 Haecin
324 1102 547 1183 quaestionem
571 1104 611 1170 de
626 1103 801 1170 Juvenalis
824 1123 908 1170 anno
931 1102 1036 1169 natali
1060 1103 1177 1169 cadere
1201 1087 1408 1168 manifestum

148 1223 210 1284 est.
249 1215 340 1301 Quae
363 1217 521 1300 imprimis
538 1221 747 1300 comprobant
764 1220 898 1300 antiqua
913 1219 939 1284 J
940 1219 1090 1286 uvenalis
1114 1219 1246 1302 scholia,
1270 1219 1409 1299 primum

151 1353 171 1400 a
193 1332 357 1417 Oramero,
382 1352 486 1416 nuper
515 1335 555 1400 ab
579 1334 703 1400 Jahnio
727 1335 826 1419 edita,
856 1338 889 1402 in
913 1337 1027 1417 quibus
1050 1355 1092 1402 ne
1115 1335 1258 1419 vestigia
1282 1333 1410 1416 quidem

147 1449 309 1516 nominum
328 1431 456 1516 *Fontei
495 1455 529 1515 et
548 1451 650 1516 Junci
680 1452 856 1536 consulum,
895 1471 975 1533 quos
1013 1471 1111 1534 supra
1148 1450 1408 1534 memoravimus,

147 1565 269 1631 insunt.
315 1565 421 1632 Vetus
449 1570 692 1651 commentator,
729 1587 798 1634 cum
827 1569 950 1636 scholia
978 1573 1185 1650 componeret
1215 1573 1283 1634 tam
1306 1587 1409 1648 aequo

149 1680 255 1746 animo
292 1683 374 1747 haec
410 1681 541 1748 nomina
574 1683 608 1747 in
645 1682 757 1751 satiris
793 1685 914 1768 legisse
951 1683 1090 1756 videtur,
1133 1702 1228 1766 quam
1267 1683 1296 1749 si
1333 1689 1409 1750 ante

149 1799 259 1866 oculos
273 1798 442 1880 quendam
466 1798 643 1884 Alledium,
678 1801 898 1868 Peribomium
909 1795 933 1878 ¹)
967 1800 1021 1867 111
1050 1798 1196 1882 quemvis
1225 1800 1333 1882 alium,
1369 1799 1409 1864 de

152 1916 268 1995 quibus
302 1915 384 1981 nihil
421 1921 554 1998 praeter
592 1917 723 1983 nomina
758 1924 809 1984 est
847 1910 1013 1999 traditum,
1051 1916 1197 1981 haberet.
1259 1912 1411 1996 Apparet

148 2031 260 2115 igitur,
291 2050 351 2097 neo
374 2033 497 2099 satirae
520 2053 581 2100 nec
609 2034 733 2100 scholia
762 2033 933 2116 quicquam
955 2033 1047 2100 vitae
1076 2031 1202 2098 auctori
1226 2031 1268 2097 ad
1291 2049 1408 2096 annum

151 2150 271 2229 poetae
294 2149 437 2215 natalem
460 2149 676 2216 definiendum
704 2153 862 2230 praebere
896 2150 1049 2231 potuisse.
1107 2147 1217 2229 Ipsius
1252 2164 1409 2212 commen-

149 2263 268 2329 tatoris
292 2262 332 2327 de
359 2265 420 2329 hac
447 2283 484 2330 re
513 2263 792 2349 ratiocinationes
823 2265 851 2332 si
880 2266 1014 2331 verbum
1038 2261 1221 2346 „Neroac's“
1243 2259 1408 2342 posterius

149 2377 183 2442 in
200 2379 353 2466 'margine
376 2379 575 2461 adscriptum
586 2374 612 2462 ²)
647 2380 803 2464 excipias
839 2381 998 2447 1111111111
1033 2377 1211 2446 audiendae
1242 2376 1407 2445 uidentur.

149 2495 268 2575 Itaque
291 2499 406 2577 restat,
429 2497 591 2562 11111111
618 2496 827 2580 „temporibus
852 2495 1003 2562 Otocate'e'“
1027 2515 1044 2561 1
1068 2493 1205 2575 quodam
1226 2491 1408 2560 vetustiore

150 2609 250 2693 fonte,
276 2610 366 2677 cuius
389 2609 534 2696 vestigia
566 2612 600 2677 in
635 2613 781 2678 omnibus
815 2610 885 2678 fere
907 2613 986 2678 vitis
1005 2613 1256 2696 perspiciuntur,
1290 2609 1408 2674 hausta

151 2724 339 2794 iudicemus.
386 2724 438 2792 Ac
461 2727 501 2793 de
523 2727 629 2795 natali
653 2728 780 2811 quidem
803 2728 828 2793 J
830 2729 978 2798 uvonalis
1001 2729 1168 2798 hactenus.

256 2991 279 3058 ¹)
306 2991 367 3043 Juv.
387 2991 443 3045 Sat.
462 2991 497 3063 11,
515 2990 549 3043 16
568 2995 595 3044 11
612 2991 646 3060 V,
665 2991 706 3043 18.

255 3080 280 3147 ²)
307 3078 346 3134 cf.
366 3079 548 3151 Synnerberg‚
566 3081 584 3132 1.
603 3081 621 3133 l.
639 3098 666 3151 p,
685 3080 797 3134 17-19.
