3234 4994
741 1583 830 1656 ΙΙ.

422 1791 489 1903 Do
527 1791 777 1903 luvenalis
815 1818 945 1904 annu
984 1792 1153 1905 natali.

708 2061 867 2076 ΑΛΛΙνννΨ

256 2218 308 2282 De
329 2236 427 2299 anno,
452 2239 512 2300 quo
527 2220 695 2286 quenalis
716 2226 813 2287 notas
835 2227 887 2302 est,
912 2222 1001 2289 vitae
1025 2222 1234 2289 dissentiunt.
1281 2223 1321 2288 Iu
1340 2223 1421 2291 Vita

147 2334 363 2400 Henniniana
403 2353 474 2400 eum
516 2337 752 2420 „temporibus
798 2337 928 2404 Claudii
968 2334 1160 2422 (Neronis)“
1195 2342 1309 2404 natum
1348 2356 1421 2404 esse

147 2448 282 2532 legitur.
343 2451 523 2534 Probiana,
562 2451 768 2535 Donatiana,
808 2454 1099 2536 Kulenlrampiana
1130 2449 1419 2536 „ootogenarium“

149 2583 166 2630 e
197 2567 272 2634 vita
303 2566 484 2633 decessisse
517 2568 659 2633 tradunt.
729 2566 854 2652 Quibus
884 2569 1080 2635 testimoniis
1109 2569 1214 2650 ipsius
1244 2568 1420 2635 Iuvenalis

148 2684 250 2748 verba
274 2681 527 2766 subiunguntur,
564 2684 619 2766 oui
641 2684 674 2749 iu
698 2684 794 2750 XIII
824 2684 929 2750 satira
958 2681 1251 2769 ,‚sexagenarium“
1281 2684 1420 2751 amioum

148 2815 251 2880 suum,
281 2799 441 2880 „Fonteio
472 2801 603 2865 consule
631 2798 776 2882 natum“,
811 2805 970 2890 memorat
985 2796 1019 2881 ¹).
1086 2801 1139 2865 De
1172 2801 1263 2865 ouius
1291 2801 1420 2866 nomine

148 2915 253 2980 adhue
291 2915 517 2982 controversia
561 2922 627 2997 est,
679 2936 749 2982 oum
788 2916 851 2981 duo
889 2917 1010 2984 Fontei
1048 2917 1197 2982 eonsules
1242 2937 1421 2984 memoren-

148 3035 210 3113 tur,
236 3049 370 3110 quorum
395 3031 494 3112 alter,
526 3031 562 3097 Ο.
587 3032 748 3098 FonteIus
777 3032 912 3115 Capito,
946 3033 1056 3100 consul
1089 3050 1174 3099 anuo
1205 3037 1245 3099 59
1278 3052 1309 3114 p.
1341 3031 1419 3100 Ohr.

148 3163 194 3226 n.,
223 3147 311 3211 alter
340 3167 420 3214 vero
448 3148 487 3213 Il.
512 3148 672 3213 Fonteius
699 3147 833 3228 Capito,
866 3168 950 3215 anno
983 3149 1060 3215 Chr.
1093 3155 1132 3214 67
1161 3143 1270 3232 fuit2).
1332 3149 1421 3216 Mihi

150 3262 278 3340 quidem
302 3282 413 3329 eornm
437 3263 602 3329 sententia
625 3264 824 3345 probabilior
846 3265 989 3349 videtur,
1014 3266 1068 3347 qui
1091 3265 1256 3332 consulem
1273 3265 1312 3331 L.
1332 3267 1418 3332 Ilou-

150 3377 251 3445 teium
281 3378 472 3461 Capitonem
504 3400 524 3444 a
552 3385 651 3461 poeta
680 3381 846 3464 designari
873 3381 1049 3447 affirmant.
1105 3380 1191 3467 Quid
1220 3381 1329 3448 enim?
1383 3380 1419 3447 Si

151 3496 254 3561 satira
284 3495 365 3578 XV,
396 3495 429 3560 in
460 3514 540 3578 qua,
570 3514 652 3576 quae
681 3493 825 3579 „nuper“
860 3498 991 3564 consule
1023 3498 1133 3564 Iunco
1162 3503 1259 3581 gesta
1288 3497 1356 3563 sint
1385 3516 1420 3563 se

151 3610 330 3676 relaturum
359 3610 526 3693 promittit
557 3609 704 3695 poeta³),
750 3631 814 3678 non
847 3618 924 3679 aute
952 3613 1047 3679 finem
1078 3632 1152 3679 ann.
1191 3619 1249 3678 127
1279 3631 1311 3694 p.
1342 3611 1418 3680 Ohr.

155 3767 471 3777 mmm-..-

257 3874 279 3942 ¹)
308 3875 369 3926 Vrs.
388 3874 423 3927 16
442 3880 470 3928 et
488 3875 530 3927 17.

256 3965 280 4030 ²)
308 3963 437 4016 Theodor
454 3963 618 4017 «ianssonius
638 3964 672 4017 ab
692 3964 880 4034 Almeloveen,
898 3963 1005 4017 Fertor.
1024 3978 1129 4016 roman.
1150 3963 1339 4017 cousularIum
1357 3964 1420 4018 libr.

154 4049 214 4105 duo.
250 4053 404 4106 Amstelod.
424 4053 493 4105 1740
509 4059 537 4123 'p.
557 4053 616 4105 121.
636 4083 670 4093 -
689 4053 778 4105 Alteri
797 4053 850 4106 duo
873 4053 972 4106 Fontei
992 4052 1155 4122 CapItones,
1178 4054 1208 4104 iu
1227 4053 1419 4108 consularibus

153 4139 229 4194 fastis
252 4143 406 4211 memorati,
431 4142 466 4195 ad
489 4146 651 4210 augusteam
675 4147 794 4194 aetatem
816 4143 952 4195 referendi
977 4148 1049 4194 sunt.
1098 4142 1160 4195 viu.
1183 4142 1258 4195 Bart.
1284 4143 1420 4212 Borghesi

154 4227 263 4284 Intorno
283 4231 328 4283 all’
348 4231 393 4283 eta
412 4232 439 4283 di
459 4229 609 4283 Giovenale
628 4234 656 4283 in
676 4230 799 4284 Oeuvres
820 4231 979 4302 compleres,
999 4235 1055 4284 tom
1075 4231 1108 4301 V,
1131 4231 1218 4302 Paris,
1243 4230 1312 4284 1869
1331 4248 1357 4301 p.
1377 4231 1419 4285 76.

256 4319 279 4387 ³)
308 4320 369 4372 Vre.
389 4321 431 4373 27.
452 4351 485 4360 -
506 4319 655 4386 „Junoum“
675 4335 724 4390 pro
746 4321 864 4386 ,Iunio“
883 4320 967 4373 habet
984 4321 1154 4373 Pithoeanus
1175 4325 1203 4373 et
1222 4320 1325 4373 eodieis
1343 4321 1419 4374 Vati-

156 4411 214 4461 eani
231 4411 404 4481 palimpsesti
421 4411 606 4479 fragmentum
626 4411 665 4476 (v.
682 4409 764 4480 Jahn,
783 4428 810 4481 p.
829 4409 903 4476 160).
945 4409 984 4461 bf.
998 4409 1124 4479 Streueh,
1142 4409 1185 4461 De
1198 4411 1325 4479 personis
1337 4409 1419 4463 Juve-

155 4497 277 4570 naliauis,
297 4497 452 4568 Gottingae,
470 4498 540 4551 1869
558 4515 584 4568 p.
597 4499 644 4550 41:
674 4499 843 4564 „Permirum
868 4503 911 4551 eet
930 4499 1003 4566 quod
1022 4500 1107 4568 fuere,
1133 4500 1180 4566 qui
1197 4499 1315 4551 villosae
1333 4501 1419 4552 mulo·

156 4600 214 4638 rum
236 4590 370 4643 librorum
395 4591 547 4659 sumpturae
572 4589 687 4655 „Juuio“
712 4589 775 4658 plus
800 4589 864 4641 fidei
888 4588 1022 4642 habereut
1041 4603 1124 4657 quem
1142 4589 1264 4658 optimae
1283 4603 1315 4640 ae
1328 4593 1418 4643 vetus-
