3234 4994
770 381 810 451 52

683 475 893 483 ---—-———

152 597 335 681 apparebit,
360 596 518 678 quomodo
541 601 668 664 remota
690 597 873 665 Domitiani
895 603 1043 680 tempora
1067 603 1135 664 tam
1159 597 1281 667 vividis
1305 598 1423 665 colori-

151 714 212 780 bus
246 711 422 796 depingere
457 712 617 798 potuerit,
654 713 682 781 si
717 734 776 796 per
810 719 914 782 totam
944 713 1082 782 Traiani
1112 720 1255 782 aetatem
1287 734 1423 796 prorsus

147 828 334 896 tacuisset?
370 826 482 911 Adde,
515 829 600 911 quod
622 831 725 897 multa
748 831 816 898 alia
841 832 982 916 obstant,
1008 831 1178 912 quominus
1209 830 1423 897 Hadrianum

152 944 244 1012 exilii
266 951 435 1013 auctorem
458 945 641 1013 credamne.
688 947 791 1031 Nam,
815 946 941 1014 utiam
962 947 1174 1013 Hermennus
1197 951 1288 1012 reete
1313 947 1423 1014 obser-

152 1063 261 1146 vavit,
287 1081 368 1146 „nec
396 1062 589 1129 histrionem
612 1061 777 1146 novimus,
802 1064 853 1130 oui
880 1067 1008 1131 tantum
1036 1062 1229 1130 Hadrianus
1258 1063 1422 1146 tribuerit,

152 1182 189 1245 ut
211 1178 281 1246 eius
305 1179 416 1262 gratia
438 1178 586 1246 homines
602 1179 644 1246 ad
661 1179 888 1262 praefecturas
912 1186 946 1245 et
967 1181 1156 1246 tribunatus
1173 1180 1338 1262 eveheret,
1362 1197 1424 1244 nec

151 1299 282 1376 poetam
305 1295 484 1364 verisimile
507 1299 572 1378 est,
603 1314 687 1376 quae
710 1295 744 1361 in
767 1291 921 1362 Paridem
944 1295 1129 1363 Domitiani
1151 1296 1321 1377 aequalem
1346 1300 1423 1362 ante

153 1413 295 1497 triginta
309 1414 448 1494 amplius
471 1430 574 1479 annos
588 1412 739 1495 lusisset,
763 1430 896 1494 prorsus
913 1418 1041 1479 mutata
1056 1419 1239 1495 temporum
1254 1431 1425 1494 rerumque

153 1529 293 1595 omnium
310 1528 496 1595 conditione
513 1527 609 1594 senili
627 1527 718 1609 operi
735 1526 935 1594 inseruisse“
948 1523 981 1609 ¹).
1011 1527 1136 1612 Quibus
1152 1528 1181 1594 si
1197 1529 1422 1611 adiungamus,

152 1643 192 1709 de
224 1645 331 1711 altera
360 1643 537 1710 satirarum
568 1643 712 1710 editione
741 1643 949 1727 cogitandum
977 1663 1042 1710 non
1071 1640 1192 1728 esse2),
1224 1644 1306 1710 illud
1329 1645 1422 1710 nobis

151 1758 417 1840 probatissimum
435 1759 507 1842 erit,
531 1759 613 1824 nihil
629 1759 668 1825 de
684 1758 850 1825 Hadriani
870 1765 982 1826 aetate
998 1778 1056 1825 nos
1074 1765 1275 1842 compertum
1291 1761 1421 1842 habere,

152 1873 236 1956 quod
260 1880 451 1958 argumento
468 1892 623 1942 versuum
646 1874 778 1942 illorum
801 1876 1000 1957 respondeat
1012 1873 1049 1958 ³).
1097 1874 1249 1958 Accedit,
1274 1875 1358 1957 quod
1382 1875 1422 1941 de

150 1989 275 2056 famoso
298 1987 445 2056 Antinoo
468 1991 539 2073 illo,
565 2009 659 2072 quem
683 1990 859 2056 Peurffelius
882 2010 942 2072 pro
965 1990 1087 2056 Paride
1113 1989 1284 2057 substituit
1294 1984 1339 2074 ⁴),
1369 2010 1423 2056 res

153 2104 304 2172 confecta
335 2105 450 2172 haberi
485 2106 596 2187 debet;
636 2107 694 2172 ille
730 2106 814 2172 enim
850 2107 1015 2173 Hadriani
1050 2107 1193 2173 amasius
1227 2106 1422 2172 histrionum

151 2226 263 2302 partes
286 2240 350 2287 non
375 2223 496 2304 egebat
518 2241 579 2287 neo
596 2221 667 2302 ipse
689 2221 884 2288 Hadrianus
906 2223 935 2288 is
959 2228 1040 2304 erat,
1066 2223 1120 2303 qui
1143 2223 1298 2290 histrioni
1321 2222 1421 2289 alicui

155 2355 368 2404 concessurus
403 2343 507 2420 essct,
543 2342 581 2402 ut
614 2336 758 2420 negotiis
793 2336 932 2418 publicis
967 2357 1002 2404 se
1036 2333 1323 2421 intermisceret⁵).
1370 2339 1422 2404 De

154 2454 281 2535 Pylade
305 2473 383 2522 vero
416 2454 631 2537 pantomimo,
665 2470 760 2534 quem
784 2451 974 2535 Stampinus
1009 2472 1050 2519 ex
1073 2435 1340 2536 inscriptionibus
1364 2472 1422 2535 pro

154 2569 338 2636 Domitiani
367 2569 489 2637 Paride
517 2570 723 2637 commendat
734 2567 777 2655 ⁰),
812 2570 846 2636 id
881 2571 984 2637 solum
1019 2591 1060 2636 ex
1089 2571 1297 2638 Mommsenii
1326 2592 1423 2638 anno·

155 2686 336 2752 tationibus
353 2685 509 2752 affirmari
529 2691 650 2769 potest,
674 2685 883 2751 Hadrianum
899 2706 971 2752 eum
987 2689 1220 2768 pantomimum
1248 2687 1423 2768 aliquando

160 2800 388 2866 manumisisse
399 2793 435 2883 ⁷).
491 2800 594 2885 Quam
630 2802 669 2867 ob
698 2821 767 2867 rem
797 2802 910 2886 miror,
953 2821 1011 2868 cur
1033 2803 1224 2885 Stampinus
1253 2804 1285 2868 id
1308 2821 1425 2868 nomen

155 2913 321 2991 attulerit,
349 2913 382 2980 ‘si
413 2916 524 2997 paullo
551 2915 640 2982 infra
667 2915 751 2982 nihil
780 2917 862 2983 certi
890 2918 930 2983 de
958 2919 1106 2999 potentia
1134 2919 1272 3002 Pyladis
1301 2918 1423 2985 addere

153 3029 263 3110 potuit
274 3026 299 3114 8)
322 3031 610 3112 quaestionemque
626 3033 666 3098 de
682 3032 774 3098 exilii
791 3051 890 3099 causa
907 3033 1025 3117 „longe
1039 3031 1269 3100 incertiorem“
1287 3033 1422 3099 definire

154 3163 218 3210 non
248 3143 472 3227 dubitavitll‘l
510 3146 607 3213 Adde
637 3146 791 3230 denique,
825 3149 910 3229 quod
945 3150 999 3230 qui
1033 3169 1115 3216 sana
1149 3156 1183 3216 et
1215 3148 1423 3215 considerata

155 3259 322 3328 iudicandi
346 3263 474 3328 ratione
497 3263 611 3347 utitur,
635 3263 731 3346 longe
755 3265 870 3342 aberit,
894 3270 932 3331 ut
950 3265 1156 3332 Hadrianum
1181 3263 1420 3347 praefecturam

260 3485 268 3516 ¹
301 3486 344 3540 De
363 3490 416 3539 snt.
435 3489 504 3556 sept.
526 3489 609 3555 temp.
628 3501 654 3554 p.
673 3484 698 3537 6.

258 3575 269 3607 ²
302 3574 341 3627 (ll.
365 3591 439 3645 supr.
459 3591 485 3644 p.
505 3573 619 3630 18-19.

258 3662 269 3696 ³
302 3664 341 3717 (li.
361 3665 545 3733 Synnerberg,
563 3681 591 3733 p.
609 3663 652 3716 81.

257 3751 268 3786 ⁴
302 3754 417 3807 Studien
433 3754 491 3807 und
510 3752 774 3823 Charakteristilren,
793 3770 818 3823 p.
838 3752 898 3805 412.

302 3844 408 3914 Straclr,
426 3861 453 3914 p.
473 3843 508 3895 30
527 3847 555 3895 et
572 3843 616 3898 32:
633 3873 668 3882 -
687 3844 819 3913 Francke,
837 3843 889 3896 Ex.
909 3830 968 3896 orit.
986 3860 1013 3913 p.
1032 3843 1094 3896 132.

256 3931 280 3999 ⁸)
299 3933 372 3988 Libr.
390 3933 464 3985 laud.
482 3950 508 4002 p.
527 3931 570 3985 45.

257 4020 281 4089 1)
299 4023 495 4093 Inscriptiones
524 4021 629 4074 Galliae
657 4021 813 4093 Cisalpinae
840 4023 943 4076 latinae
970 4022 1056 4075 edidit
1082 4022 1132 4075 Th.
1160 4021 1327 4094 Mommsen,
1355 4039 1419 4093 pars

150 4113 296 4182 posterior,
314 4112 444 4182 Berolini,
463 4111 532 4163 1877
551 4112 586 4164 M
605 4111 683 4181 7753,
697 4128 723 4181 p.
742 4111 803 4165 889.

255 4199 279 4272 ⁸)
298 4203 362 4255 Loc.
380 4203 468 4254 land:
489 4201 587 4268 „Quod
606 4202 630 4253 si
647 4201 779 4268 Pyladem
797 4203 876 4255 illum
895 4203 1054 4255 manumisi
1072 4202 1227 4256 Hadrianus
1253 4201 1418 4254 verisimilli-

151 4309 229 4345 mum
248 4292 336 4344 estid
360 4292 394 4345 ob
420 4292 556 4360 quaedam
578 4291 721 4344 histrionis
746 4294 846 4344 merita
869 4296 952 4361 atque
976 4293 1066 4344 officia
1088 4292 1190 4344 factum
1216 4307 1276 4344 esse
1301 4307 1418 4360 eumque

151 4382 254 4434 idcirco
272 4382 390 4451 principi
408 4396 503 4433 carum
521 4360 616 4433 luisse.
655 4379 777 4433 Ceterum
798 4397 855 4432 rem
874 4379 905 4433 im
926 4379 1012 4434 medio
1031 4379 1159 4448 relinquo,
1184 4395 1252 4448 quoe
1263 4378 1421 4433 ooomctwis

150 4472 257 4523 tautum
274 4468 400 4523 nititur.“

254 4557 279 4627 ⁹)
298 4560 375 4630 Ibin,
394 4577 420 4630 p.
439 4559 482 4613 63.
