3234 4994
768 1552 882 1632 vn.

371 1761 546 1874 Breuis
584 1761 720 1876 ritca
758 1762 1007 1876 luvenalis
1043 1764 1291 1905 synopsis.

750 2010 909 2025 §NVK-lm

304 2165 371 2232 His
394 2164 552 2248 expositis
574 2165 640 2231 iam
655 2165 697 2232 ad
715 2166 811 2231 finem
834 2166 1009 2247 perductas
1032 2177 1110 2248 puto
1135 2167 1175 2233 da
1190 2166 1216 2232 J
1218 2166 1367 2234 uvenalis
1390 2167 1463 2236 vita

201 2281 456 2348 observationes
502 2282 675 2363 Reliquum
708 2291 774 2364 est,
804 2287 841 2347 ut
868 2281 991 2348 additis
1019 2281 1214 2349 necessariis
1238 2283 1364 2364 aliquot
1387 2302 1461 2366 sup-

200 2397 373 2479 plementis
388 2399 471 2465 hanc
487 2400 619 2464 brenam
641 2398 731 2464 vitae
744 2399 770 2465 J
770 2399 919 2466 uvenalis
935 2399 1089 2481 synopsin
1105 2417 1267 2480 exponere
1294 2418 1459 2468 conemur:

308 2515 371 2596 „D.
395 2514 421 2579 J
424 2515 516 2582 unius
543 2516 568 2581 J
570 2514 719 2582 uvenalis
730 2511 768 2597 ¹),
797 2514 943 2580 libertini
972 2513 1146 2596 locupletis
1168 2514 1342 2598 incertum,
1375 2516 1461 2582 iilius

202 2649 244 2696 an
268 2630 431 2713 alumnnS,
455 2629 579 2711 Aquini
588 2625 630 2714 ²),
661 2630 696 2696 in
727 2630 845 2712 oppido
869 2630 1077 2712 Volscorum,
1110 2630 1309 2710 temporibus
1332 2629 1462 2698 Claudii

201 2746 409 2828 imperatoris
443 2745 532 2812 circa
565 2765 638 2812 aun.
672 2747 812 2817 XLVII
846 2752 945 2812 natus
979 2751 1038 2813 est.
1096 2745 1177 2813 (ium
1211 2766 1252 2813 ex
1286 2748 1461 2830 municipio

202 2864 338 2929 Romam
363 2880 397 2928 se
422 2862 613 2928 contulisset
628 2867 662 2928 et
677 2863 719 2929 ad
742 2862 936 2946 dignitatem
960 2863 1120 2943 equestris
1143 2863 1266 2929 ordinis
1289 2864 1461 2946 pervenire

203 2997 262 3044 sua
282 2977 407 3046 virtute
441 2979 625 3060 meruisset,
662 2978 704 3043 ad
735 2977 873 3044 mediam
908 2977 978 3044 iere
1007 2983 1149 3044 aetatem
1179 2979 1376 3048 declamavit
1397 3000 1462 3046 non

203 3093 357 3159 mediocri
378 3092 475 3176 fama,
500 3093 556 3159 sed
581 3094 680 3159 animi
703 3093 808 3172 magis
831 3112 940 3176 causa,
965 3112 1061 3175 quam
1084 3095 1169 3175 quod
1192 3096 1323 3162 scholae
1347 3115 1382 3162 se
1405 3102 1464 3161 aut

202 3208 273 3275 foro
306 3215 530 3291 praepararet.
580 3209 682 3275 Initio
715 3209 899 3276 Domitiani
935 3211 1140 3292 principatus
1174 3211 1216 3277 ad
1247 3210 1397 3292 poeticen
1427 3229 1463 3276 se

204 3323 386 3405 applicavit
409 3324 498 3390 etin
521 3324 674 3391 Paridem
699 3327 944 3407 pantomimum,
970 3326 1080 3407 quiin
1104 3326 1232 3393 deliciis
1255 3326 1341 3408 apud
1364 3326 1463 3407 impe-

203 3445 345 3505 ratorem
368 3441 561 3523 habebatur,
590 3459 706 3506 versus
730 3441 883 3523 quosdam
907 3461 970 3508 non
994 3442 1133 3508 absurde
1167 3442 1360 3524 composuit,
1386 3459 1463 3520 quos

204 3553 321 3620 deinde
336 3555 475 3623 inseruit
490 3556 523 3622 iu
540 3576 610 3623 eam
627 3557 775 3624 satiram:
801 3559 869 3641 „Et
888 3577 963 3638 spes
984 3562 1018 3624 et
1033 3555 1150 3625 ratio.“
1190 3557 1275 3626 Sunt
1290 3562 1398 3623 autem
1414 3555 1462 3620 hi:

304 3703 306 3710 ,
415 3669 511 3736 „Quod
529 3685 583 3723 nou
605 3669 671 3722 dant
688 3684 825 3740 proceras,
844 3670 920 3723 dabit
937 3671 1049 3723 histrio:
1069 3675 1099 3722 tu
1119 3669 1277 3722 Camerinos

412 3759 449 3811 Et
466 3759 592 3829 Baream,
610 3763 641 3812 tu
659 3758 797 3811 nobilium
814 3775 916 3826 magne
934 3761 1005 3812 atria
1023 3761 1121 3811 curas?

414 3848 571 3902 Praefectos
588 3849 709 3917 Pelopea
727 3848 800 3916 facit,
819 3847 971 3900 Philomela
988 3848 1139 3901 tribunos.“

205 3947 268 4033 Qui
284 3967 399 4017 versus
416 3949 553 4030 primum
576 3968 673 4015 aures
692 3948 900 4031 imperatoris
914 3948 1092 4014 latuerunt.
1132 3947 1214 4014 (ium
1230 3951 1337 4015 autem
1354 3946 1463 4012 Domi-

203 4111 360 4120 ...—--—

315 4193 338 4261 ¹)
356 4194 499 4248 luvenalis
519 4209 670 4264 cognomen
692 4193 819 4260 „Gallus“
840 4196 896 4264 (ap.
910 4193 1000 4247 Sahal.
1020 4194 1055 4246 ad
1073 4194 1129 4247 Sat.
1148 4194 1169 4262 1,
1188 4194 1227 4264 1),
1247 4194 1352 4262 dequo
1377 4193 1465 4247 Stam-

204 4284 286 4353 pinns
306 4283 338 4350 (l.
355 4284 374 4335 l.
392 4300 420 4353 p.
433 4283 468 4335 10
480 4300 543 4339 ann.
567 4283 598 4349 2)
617 4283 741 4337 dubitare
753 4283 870 4352 videtur,
887 4287 962 4335 recte
975 4283 1125 4353 explicavit
1135 4282 1265 4335 Matthias
1284 4283 1339 4348 (De
1353 4282 1466 4335 scholiis

204 4371 402 4442 Juvenalianis,
419 4390 446 4442 p.
465 4372 482 4425 9
501 4375 555 4442 sq.)

312 4462 335 4529 ¹)
352 4463 384 4515 Iu
402 4463 449 4514 via
466 4463 572 4531 Latine,
584 4463 656 4514 inter
667 4461 855 4516 Fabrateriam
867 4465 895 4513 et
910 4458 1040 4513 Casinum
1059 4463 1146 4527 (nunc
1163 4459 1298 4529 Aquino).
1334 4460 1395 4512 Vid.
1410 4458 1464 4512 cio.

210 4551 245 4604 ad
264 4550 349 4604 Attia.
368 4551 401 4622 V,
420 4551 445 4604 1.
481 4551 550 4604 Phil.
570 4552 603 4620 ΙΙ,
623 4568 645 4604 c.
663 4550 706 4604 41.
742 4551 799 4603 Liv.
818 4549 915 4620 XXVI,
933 4548 958 4602 9.
995 4550 1064 4602 Plin.
1082 4550 1152 4602 Hist.
1171 4549 1233 4602 Nat.
1250 4549 1298 4620 lll,
1316 4551 1340 4602 5.
1358 4547 1383 4600 9.

1254 4656 1272 4690 il
