3234 4994
677 351 886 445 Ab„

143 557 271 638 publice
294 557 515 639 privatimque
539 559 648 626 ditaris
677 579 787 626 omnes
816 569 850 626 et
879 561 1055 626 honoribus
1084 578 1218 644 augens,
1253 580 1333 641 quos
1362 563 1418 629 uel

143 675 298 740 mediocri
333 674 563 741 familiaritate
602 677 827 758 cognovisset,
866 679 976 742 orbem
1021 683 1185 742 terrarum
1229 678 1417 761 aedificans,

143 791 271 857 multas
288 789 512 857 immunitates
536 791 729 859 civitatibus
752 793 908 875 tribuens,
944 792 1026 858 nihil
1050 812 1114 858 non
1148 795 1361 875 tranquillum
1385 799 1419 860 et

142 905 307 987 placidum
341 903 463 989 agens“
478 902 511 990 ¹).
570 907 643 973 Has
675 913 788 974 tantas
822 908 886 974 viri
920 909 1062 974 virtutes
1097 909 1240 975 maxima
1274 909 1417 975 omnium

144 1020 318 1087 admiratio
340 1028 455 1088 secuta
470 1031 531 1106 est,
556 1029 595 1088 ut
617 1041 681 1089 non
698 1025 801 1089 solum
818 1024 1004 1108 multitudo,
1029 1024 1086 1090 sed
1104 1025 1205 1090 etiam
1222 1025 1418 1090 nobilissimi

143 1137 233 1204 cives
247 1157 398 1221 magnum
422 1143 457 1204 et
471 1138 600 1205 felicem
617 1159 688 1204 eum
706 1139 913 1205 nominarent
935 1144 969 1205 et
992 1144 1030 1205 nt
1046 1141 1260 1221 sequentibus
1278 1141 1418 1222 impera-

142 1251 268 1319 toribus
292 1254 353 1318 hoc
375 1272 473 1320 unum
497 1255 531 1321 in
555 1259 672 1321 senatu
702 1257 959 1322 acclamaretur:
992 1255 1142 1337 „felicior
1173 1258 1217 1322 sis
1249 1255 1416 1340 Auguste,

142 1369 258 1435 melior
281 1368 457 1436 Traiano.“
505 1369 597 1454 Quae
627 1391 698 1437 oum
729 1372 778 1438 ita
808 1372 884 1454 siut,
910 1371 991 1436 illutl
1023 1373 1116 1437 nobis
1148 1372 1416 1454 probatissimum

143 1485 222 1568 erit,
260 1505 324 1551 non
357 1507 396 1552 ea
428 1486 536 1553 Indole
570 1487 749 1553 Traianum
781 1487 898 1570 fuisse,
939 1488 987 1553 uti
1019 1491 1156 1569 propter
1188 1488 1267 1554 duos
1300 1507 1417 1554 versus

142 1601 311 1668 bistrIonis
328 1601 439 1685 gratia
454 1607 583 1684 poetam
600 1622 641 1668 cx
656 1604 736 1669 urbe
753 1604 944 1685 depelleret.
991 1604 1041 1668 At
1059 1603 1238 1670 Traianum
1254 1624 1416 1671 morosum

142 1716 245 1783 fuisse
280 1716 495 1800 Pyladenque
527 1719 721 1785 saltatorem
755 1739 883 1786 amasse
914 1720 1060 1785 nonnulli
1090 1719 1248 1786 obiciunt.
1294 1719 1414 1787 Audio.

142 1833 193 1898 At
223 1833 257 1898 in
288 1832 445 1914 Eutropii
477 1834 676 1917 testImonio,
710 1853 810 1917 supra
841 1836 990 1918 laudato,
1025 1836 1090 1900 iam
1122 1837 1205 1902 satis
1239 1835 1417 1903 manifesta

142 1949 336 2014 documenta
353 1948 559 2032 „civilitatis
572 1949 817 2034 moderationis,
831 1947 1067 2016 liberalitatis“
1085 1951 1222 2017 Traiani
1239 1950 1415 2033 deprehen-

142 2064 256 2130 dimus.
304 2062 429 2147 Quibus
452 2065 551 2131 etiam
574 2065 656 2131 haec
679 2065 798 2132 Dionis
822 2065 1011 2146 adiungam:
1051 2074 1107 2150 „ep
1132 2068 1217 2152 φύσει
1241 2067 1323 2130 οὐδὲν
1348 2067 1415 2130 οὔτε

143 2183 260 2245 διπλοῦν
285 2180 351 2244 οὔτε
374 2181 470 2244 δόλιον
494 2180 561 2244 οὔτε
584 2183 674 2266 τραχὺ
699 2181 790 2267 εἶχεν;
821 2183 896 2246 ἀλλὰ
919 2183 985 2252 τοὺς
1015 2184 1065 2266 μὲν
1095 2184 1223 2266 ἀγαθοὺς
1255 2185 1346 2268 ἐφιλει
1367 2185 1415 2246 καὶ

143 2297 284 2366 ἐδεξιοῦτο
319 2298 367 2360 καλ
399 2297 490 2380 ἐτίμα,
523 2302 579 2360 τῶν
613 2298 645 2360 δὲ
677 2295 774 2360 ἄλλων
798 2297 909 2381 ἠμέλει·
939 2344 946 2360 .
972 2345 980 2361 .
1005 2345 1013 2361 .
1039 2344 1046 2360 .
1072 2301 1219 2382 διαβολαῖς
1250 2323 1282 2362 τε
1315 2301 1414 2383 ἥκιστα

141 2413 285 2489 ἐπίστευε,
314 2414 361 2476 καλ
393 2413 465 2496 ὀρῆῇ
489 2407 838 2496 tricasinensium).
886 2412 982 2478 Adde
996 2413 1098 2479 Plinii
1114 2412 1255 2480 Secundi
1278 2415 1319 2480 de
1342 2413 1415 2480 miti

141 2527 278 2594 Tralani
300 2527 431 2609 ingenio
455 2526 693 2594 testimonium:
741 2528 867 2610 „Nemo
897 2528 937 2593 de
974 2529 1156 2596 severitate
1179 2535 1238 2594 tua
1267 2531 1414 2609 queritur

141 2649 174 2710 et
197 2643 336 2710 liberum
360 2648 412 2710 est
434 2641 596 2727 queri“³),
621 2649 656 2710 et
677 2644 781 2726 ipsius
805 2645 977 2726 epistolam
1002 2647 1043 2712 ad
1064 2646 1208 2712 Plinium
1232 2646 1266 2711 in
1291 2666 1413 2728 quase

141 2778 226 2843 „non
258 2779 298 2825 ex
322 2765 411 2825 metu
442 2764 477 2824 et
502 2765 628 2825 terrore
651 2760 814 2826 hominum
838 2765 896 2825 aut
918 2761 1107 2827 criminibus
1132 2761 1298 2828 maiestati
1321 2780 1413 2828 reve-

143 2875 284 2941 rentiam
308 2871 456 2956 adquiri“
481 2874 606 2940 fatetur
615 2867 653 2955 ⁴).
700 2875 773 2941 Neo
796 2875 1125 2956 praetermittendum
1149 2883 1210 2960 est,
1235 2877 1413 2943 Traianum

139 2989 271 3056 minime
295 2989 509 3071 suspiciosum
532 2989 644 3055 fuisse.
691 2989 772 3055 Cum
789 2991 950 3056 Licinium
964 2991 1080 3058 Suram
1103 2991 1307 3073 praefectum
1330 3011 1410 3056 non-

141 3106 223 3172 nulli
247 3105 432 3172 maiestatis
450 3110 653 3187 accusarent,
679 3105 841 3171 Traianus
864 3107 934 3186 ipse
958 3106 999 3172 ad
1024 3126 1095 3172 eum
1119 3107 1212 3174 venit
1235 3097 1411 3188 servosque

140 3223 210 3288 eius
234 3221 297 3288 sibi
319 3223 452 3288 barbam
478 3220 614 3286 tondere
645 3225 679 3285 et
707 3220 817 3286 oculos
844 3220 973 3287 illinere
1000 3221 1098 3288 iussit
1109 3217 1144 3304 ⁵).
1191 3223 1257 3288 Per
1288 3222 1411 3305 viginti

138 3337 208 3404 fere
232 3355 333 3404 annos
357 3335 561 3418 principatus
584 3335 655 3402 eius
679 3332 861 3420 (es—117)
886 3355 951 3403 una
974 3336 1077 3403 solum
1108 3337 1289 3404 coniuratio
1320 3338 1411 3405 iacta

140 3458 206 3536 est,
242 3453 334 3520 cuius
366 3453 431 3518 dux
471 3457 594 3535 tamen,
636 3450 833 3533 Calpurnius
870 3451 1009 3518 Crassus
1048 3458 1195 3535 senator,
1235 3453 1410 3535 ignorante

141 3569 284 3636 Traiano
308 3587 367 3650 per
391 3572 540 3635 senatum
564 3567 737 3634 damnatus
762 3563 860 3646 estl).
907 3566 1031 3651 Quibus
1053 3569 1151 3650 plane
1180 3569 1262 3636 haec
1292 3571 1410 3637 Dionis

139 3685 180 3751 de
204 3683 347 3750 Traiano
371 3684 583 3764 respondent:
609 3690 671 3770 „rai
694 3709 725 3747 τε
749 3685 833 3768 δήμῳ
856 3681 918 3768 μετ’
943 3685 1093 3754 ἐπιεικείας
1116 3686 1274 3769 συνεγίνετο
1301 3689 1349 3750 καὶ
1371 3695 1408 3771 τῇ

137 3803 273 3887 γερουσία
296 3806 501 3886 σεμνοπρεπῶς
523 3801 635 3884 ὡμίλει,
659 3801 805 3884 ἀγαπητὸς
827 3801 878 3884 μὲν
901 3805 979 3877 πᾶσι,
1007 3802 1133 3885 φοβερὸς
1156 3803 1188 3865 δὲ
1211 3805 1311 3886 μηδενὶ
1334 3805 1408 3888 πλὴν

245 4073 270 4142 ¹)
296 4075 411 4145 Eutrop.
430 4073 501 4127 Hist.
520 4089 588 4130 rom.
607 4073 679 4143 VHI,
699 4090 721 4128 c.
739 4074 765 4126 4.

244 4165 269 4231 ²)
296 4164 350 4217 Dio
371 4163 456 4234 Casa,
474 4162 594 4233 LXVIII,
614 4179 636 4219 e.
656 4165 671 4215 5
692 4167 705 4228 5
724 4162 754 4233 33
784 4179 805 4216 c.
825 4161 842 4214 6
861 4167 874 4227 §
893 4162 918 4215 4.

243 4251 269 4321 ³)
294 4255 397 4322 Paneg.
417 4270 439 4308 c.
458 4251 501 4306 46.

242 4340 269 4410 ⁴)
295 4343 384 4412 Epist.
402 4343 438 4395 ed
456 4343 524 4395 Plin.
544 4343 578 4412 X,
596 4342 639 4395 86.
659 4372 692 4384 -
712 4341 751 4395 Gi
771 4341 877 4413 struck,
894 4358 921 4410 p.
941 4341 983 4394 28.

243 4430 269 4498 ⁶)
295 4432 385 4501 Peter,
403 4449 431 4502 p.
449 4431 511 4484 146.

241 4516 268 4588 ⁸)
295 4521 410 4592 Eutrop.
429 4521 501 4592 vill,
519 4520 545 4574 4.
