3234 4994
754 409 793 466 37

666 492 877 500 u—--——-

136 613 358 698 Quintiliano,
386 618 424 679 ut
447 615 623 680 satirarum
648 614 802 698 scriptor,
828 615 882 695 qui
907 613 1004 697 „olim
1028 611 1279 689 nominabitur“,
1311 620 1407 681 notus

136 751 208 798 esse
231 731 350 812 potuit.
398 731 463 798 Sed
486 731 563 812 quid
592 750 712 798 causae
741 735 806 814 est,
836 751 894 797 our
917 729 1142 814 Quintilianus
1166 734 1281 812 aperte
1304 732 1406 799 Juve-

134 849 242 914 nalem
266 867 330 913 non
354 847 595 915 nominaverit?
631 847 795 913 Nimirum
819 847 868 930 111,
903 847 987 928 quod
1018 853 1116 928 poeta
1143 851 1222 913 tnnc
1250 848 1406 928 temporis

136 965 244 1030 odium
261 966 462 1046 permoverit
477 965 670 1048 Domitiani,
696 964 748 1029 cui
764 961 997 1046 Quintilianus,
1014 967 1052 1028 ut
1067 964 1243 1028 liberorum
1260 963 1407 1030 (ilemen-

135 1081 187 1163 tis,
212 1056 396 1146 Domitiani
418 1081 594 1164 patruelis,
619 1086 814 1162 praeceptor
825 1075 863 1162 ¹),
888 1079 985 1161 plane
1009 1079 1140 1145 deditus
1164 1082 1247 1146 erat.
1280 1079 1408 1147 ‚Aliter

134 1216 196 1279 res,
221 1203 259 1262 ut
282 1197 404 1280 opinor,
429 1197 493 1264 iam
518 1201 695 1278 propterea
712 1197 870 1278 explicari
893 1195 1016 1278 nequit,
1041 1194 1126 1277 quod
1142 1195 1167 1260 J
1169 1196 1319 1262 uvenalis
1341 1197 1406 1262 iam

135 1317 202 1376 tum
232 1311 296 1378 sibi
324 1313 456 1394 aliquod
484 1331 602 1378 nomen
632 1312 765 1396 ingenio
789 1331 846 1378 suo
871 1311 1084 1393 comparavit.
1132 1309 1225 1394 Quae
1256 1331 1329 1377 cum
1357 1313 1407 1379 ita

135 1428 213 1510 sint,
243 1447 306 1494 non
336 1434 389 1528 est
419 1428 504 1509 qood
528 1428 727 1494 Juvenalem
758 1429 916 1496 extremis
939 1427 1123 1494 Domitiani
1145 1428 1346 1509 temporibus
1371 1427 1406 1494 in

135 1543 265 1609 exilium
289 1544 421 1609 missum
445 1563 612 1625 negemus,

240 1659 337 1724 Nunc
359 1659 401 1724 ad
422 1679 470 1742 ea,
496 1679 578 1741 quae
603 1680 623 1726 a
640 1659 883 1744 Syuaerberyc'o,
903 1659 1079 1742 bbumpe'ao,
1098 1658 1250 1738 81111119,
1270 1659 1405 1725 caraea

135 1775 173 1841 119
202 1774 368 1842 Juvenale
399 1774 583 1842 Domitiani
612 1774 813 1856 temporibus
845 1776 940 1840 exule
973 1775 1062 1840 dicta
1094 1780 1184 1858 sunt,
1217 1795 1403 1860 pergamus

239 1892 512 1975 Synnerbergius,
530 1893 653 1957 duobus
671 1889 748 1955 libri
771 1891 903 1971 septimi
925 1891 1173 1974 epigrammatis
1197 1892 1366 1958 Martialis
1378 1889 1403 1976 ²)

133 2011 158 2074 J
159 2011 329 2075 uvenalem
353 2011 412 2073 sub
428 2008 619 2092 Domitiano
636 2008 761 2072 Romae
777 2011 944 2074 versatum
969 2027 1040 2073 esse
1064 2009 1197 2088 probari
1213 2007 1357 2074 affirmat
1364 2007 1403 2092 ³).

134 2125 254 2191 Audio.
302 2123 465 2190 Attamen
488 2123 776 2206 Friedlaenclerus,
816 2123 869 2187 cni
885 2122 1148 2206 Synnerbergius
1172 2124 1269 2205 plane
1293 2144 1403 2192 assen-

134 2241 217 2306 titur
225 2234 264 2323 ⁴),
290 2240 463 2321 septimum
486 2239 656 2305 Martialis
679 2240 797 2304 librum
821 2256 905 2305 anno
923 2245 964 2304 93
982 2239 1138 2320 scriptum
1160 2259 1232 2306 esse
1255 2240 1352 2306 docet
1363 2237 1402 2324 ⁵).

134 2356 360 2421 Domitianum
384 2374 462 2423 vero
487 2375 516 2422 a.
540 2354 570 2420 d.
594 2356 687 2424 XIV
710 2355 790 2421 Kal.
808 2355 881 2422 Oct.
900 2361 940 2420 96
965 2375 1040 2421 ann.
1065 2355 1206 2421 occisum
1232 2377 1304 2424 esse
1328 2376 1403 2423 con·

134 2477 202 2536 stat
215 2469 250 2554 ⁰).
298 2472 392 2539 Nihil
426 2472 529 2555 igitur
561 2472 716 2554 impedit,
751 2473 920 2553 quominus
953 2473 1086 2538 exilium
1109 2472 1286 2539 Juvenalis
1314 2473 1404 2540 intra

134 2606 236 2652 annos
265 2594 305 2652 93
340 2593 374 2652 91
407 2593 447 2654 96
480 2607 647 2668 ponamus.
695 2589 926 2655 Dubitationes
959 2608 1037 2654 vero
1065 2587 1301 2672 Synnerbergii
1311 2583 1336 2670 ⁷)
1369 2594 1403 2655 et

133 2703 279 2770 Strackii
291 2701 327 2787 ⁸),
351 2709 419 2770 tam
436 2705 542 2771 levem
557 2682 825 2786 1199119111,”111911
838 2705 1013 2772 ι1111919111
1031 2703 1224 2771 sustinuisse
1239 2705 1403 2786 putandus

134 2825 192 2901 est,
218 2839 238 2884 a
262 2818 445 2886 Domitiani
468 2820 610 2885 moribus
633 2821 704 2900 ipso
728 2820 786 2885 illo
810 2825 957 2902 tempore
981 2820 1023 2887 ad
1047 2839 1204 2887 summam
1228 2821 1402 2889 saevitiam

133 2936 285 3016 propensi
302 2936 486 3018 abhorrere,
511 2935 633 3001 nullius
649 2935 720 3002 iere
735 2936 891 3001 momenti
907 2953 1059 3001 essenon
1076 2941 1127 3002 est
1143 2935 1227 3016 quod
1243 2956 1400 3004 moneam.

132 3049 219 3116 Nam
242 3051 417 3117 Juvenalis
449 3070 513 3116 non
549 3051 631 3118 adeo
663 3051 865 3133 periculosus
889 3051 1080 3118 Domitiano
1104 3052 1315 3119 adversarius
1338 3053 1403 3120 fuit

132 3172 168 3231 ut
190 3165 358 3232 Arulenus
388 3168 544 3234 Rusticus
572 3169 626 3234 vel
655 3169 844 3234 Herennius
873 3167 1010 3234 Senecio
1038 3187 1098 3234 nec
1128 3168 1299 3249 quicquam
1330 3170 1398 3234 tale

134 3281 304 3365 commisit,
331 3302 388 3348 cur
404 3288 519 3366 morte,
545 3285 720 3366 „brevibus
736 3283 859 3367 Gyaris
880 3284 935 3350 vel
959 3281 1111 3350 carcere“
1125 3281 1150 3366 9)
1174 3285 1291 3368 dignus
1306 3287 1403 3351 habe-

132 3404 230 3465 retur.
273 3400 346 3466 Nec
361 3400 690 3482 praetermittendum
711 3407 771 3485 est,
796 3401 1004 3484 Juvenalem,
1029 3401 1147 3468 utiam
1164 3421 1262 3485 supra
1278 3400 1401 3466 monui·

240 3603 262 3670 Q*

290 3604 439 3674 Hermann,
457 3604 499 3656 Dc
517 3610 566 3656 sat.
585 3608 650 3674 sept.
669 3608 750 3674 temp.
769 3621 795 3674 p.
818 3604 857 3658 14.
877 3635 911 3644 -
929 3604 1109 3675 Synuerberg,
1128 3621 1154 3674 p.
1174 3605 1215 3657 75.

289 3694 382 3764 Epigr.
402 3694 436 3745 24
455 3698 481 3745 et
499 3693 541 3746 91.

287 3783 328 3835 De
347 3782 520 3853 temporibus,
538 3800 565 3852 p.
584 3783 626 3834 85.

288 3872 356 3925 Ibid.

291 3960 332 4012 De
350 3961 518 4030 temporibus
536 3961 630 4013 libror.
649 3961 790 4031 Martialis,
808 3978 834 4030 p.
854 3960 896 4013 10.

289 4051 361 4102 Suet.
380 4050 459 4102 Dom.
479 4067 500 4102 c.
520 4050 614 4101 11-
635 4050 732 4120 Imhoi,
751 4051 769 4102 1.
788 4051 806 4102 1.
825 4069 851 4120 p.
872 4051 932 4102 124.

288 4141 348 4192 Loc.
367 4139 439 4191 land.

288 4228 329 4280 De
348 4229 440 4299 exilio,
458 4247 484 4298 p.
504 4229 545 4280 22.

236 3695 250 4170 denos—mue

248 3697 263 4296 ’ὴ-Άψψκ-,ρψψυ

236 4228 248 4262 oe

290 4318 342 4370 Sat.
362 4318 382 4387 I,
402 4318 444 4370 73.
464 4348 498 4357 —
518 4316 629 4388 Gyaros,
648 4319 739 4371 insula
756 4320 840 4370 maris
858 4317 953 4388 Aegei,
973 4333 1028 4374 nna
1046 4332 1061 4368 e
1080 4315 1249 4385 Cycladibus,
1268 4319 1400 4386 graviori·

131 4407 181 4460 bus
199 4408 245 4459 des
257 4410 332 4459 inata
350 4408 441 4460 exiliis
464 4411 550 4475 (nunc
567 4407 674 4475 Joura).
711 4408 772 4460 Vid.
791 4408 886 4478 Lewis,
913 4407 1053 4459 luvenalis
1072 4408 1170 4458 satirae
1188 4406 1257 4458 with
1275 4422 1291 4458 a
1309 4407 1401 4458 literal

133 4497 238 4567 english
260 4511 340 4566 prose
363 4497 523 4550 translation
547 4497 601 4549 and
619 4501 708 4567 notos,
736 4498 861 4567 London,
889 4495 967 4565 1873,
994 4511 1020 4564 p.
1039 4495 1091 4548 231
1111 4499 1137 4548 91
1155 4511 1247 4547 meum
1265 4511 1400 4549 commen-

132 4588 232 4640 tarium
251 4585 285 4639 ad
303 4586 365 4638 Juv.
385 4588 459 4638 satir.
477 4588 596 4658 primam
615 4587 813 4659 (1111111111.
832 4587 900 4658 Hop.
920 4585 971 4659 Hp.
990 4585 1060 4640 1815
1079 4585 1111 4640 N.
1131 4584 1161 4652 3)
1179 4601 1205 4658 p.
1224 4585 1267 4638 27.

237 4315 261 4458 σε’-ἅ
