3234 4994
812 361 852 422 95

198 567 285 651 loco,
322 585 384 649 quo
414 569 535 634 nummi
567 570 672 653 aurai,
708 587 780 637 cum
810 569 1032 654 cognomentis
1058 569 1176 637 Dacici
1209 575 1244 636 et
1272 567 1461 638 Germanici

200 688 422 751 memorantur
435 680 468 768 ¹),
499 685 625 753 addam.
672 686 793 755 Omnes
821 687 891 754 iere
919 686 961 754 ad
990 687 1022 752 h.
1045 686 1066 752 l.
1091 684 1289 768 interpretes
1316 704 1461 754 nummos

201 821 220 868 a
242 800 432 868 Domitiano
464 800 630 869 Dacorum
658 807 693 868 et
716 802 953 870 Germanorum
981 803 1108 870 victore
1136 819 1231 869 cusos
1259 801 1461 886 intelligunt.

201 918 351 985 Revera
374 922 494 1000 tamen,
518 917 568 984 uti
591 914 817 1004 Rupertius²)‚
841 916 1085 1003 Bor-guestus'),
1109 914 1312 1004 Imhofius⁴)‚
1334 919 1463 986 11111111-

200 1033 264 1100 lius
278 1029 304 1117 5)
329 1035 599 1118 observaverunt,
624 1035 733 1102 nullus
757 1035 914 1103 eiusmodi
937 1035 1119 1103 Domitiani
1141 1054 1289 1102 nummus
1310 1040 1463 1118 ropertus

202 1155 262 1233 ost,
288 1151 468 1232 complures
491 1169 569 1219 vero
587 1151 732 1236 Traiani,
761 1152 815 1234 qui
838 1152 949 1219 varias
971 1153 1095 1220 habent
1115 1150 1345 1234 inscriptiones
1367 1149 1462 1217 modo

202 1263 341 1349 Optimi,
380 1265 473 1333 modo
510 1266 628 1333 Dacici
666 1267 759 1334 modo
795 1266 994 1334 Germanici.
1053 1267 1239 1351 Oognomen
1274 1265 1463 1335 Germanici

203 1382 378 1448 Traianum
396 1382 508 1449 eodem
524 1402 618 1466 anno,
635 1403 697 1466 quo
714 1384 890 1466 adoptatus
906 1389 966 1468 est,
987 1385 1161 1468 accepisse,
1179 1385 1272 1451 docet
1288 1383 1416 1450 Plinius
1424 1379 1462 1466 ο).

202 1497 320 1565 Dacici
349 1518 427 1567 vero
456 1505 531 1581 post
558 1499 695 1580 primunr
724 1500 843 1566 bellum
863 1499 1024 1568 Dacicum
1047 1519 1120 1569 ann.
1149 1506 1208 1567 103
1232 1499 1358 1566 finitum
1380 1517 1465 1565 sunr-

203 1613 311 1696 psisse
337 1615 458 1681 nummi
485 1615 579 1681 huius
608 1615 684 1682 anni
714 1621 748 1681 et
773 1617 839 1682 Dio
863 1609 1035 1700 01111117)
1062 1615 1158 1682 fidem
1186 1614 1323 1683 faciunt.
1370 1612 1464 1699 Quod

206 1729 235 1795 si
250 1729 372 1796 nummi
389 1731 532 1814 Traiani,
557 1730 641 1812 quod
657 1750 722 1797 non
742 1731 863 1814 dubito,
886 1732 948 1798 hoc
970 1733 1041 1799 loco
1056 1751 1135 1801 vere
1149 1730 1361 1814 intellegendi
1377 1735 1462 1814 sunt,

203 1845 283 1911 licet
313 1845 389 1912 inde
417 1845 527 1928 colligi
557 1846 692 1913 satiram
722 1850 849 1914 sextam
881 1848 1003 1915 nullam
1031 1847 1159 1914 omnino
1183 1847 1339 1930 temporis
1362 1846 1462 1930 sigui-

202 1960 386 2028 ficationem
408 1963 539 2045 habere,
564 1980 646 2043 quae
670 1945 770 2044 supra
792 1981 867 2030 aun.
893 1970 954 2030 103
980 1963 1179 2048 egrediatur.

309 2077 359 2144 Ut
380 2096 449 2144 rem
472 2077 512 2144 de
535 2078 560 2143 J
562 2078 712 2145 uvenalis
743 2097 827 2144 anno
849 2081 955 2148 natali
985 2080 1164 2162 absolvam,
1195 2080 1405 2162 qaaestionem
1426 2078 1464 2143 de

203 2196 303 2262 verbis
329 2197 539 2280 „temperabam
573 2196 703 2264 Claudii
730 2194 925 2278 (Neronis)“,
962 2214 1045 2277 quae
1078 2195 1113 2261 in
1147 2195 1218 2263 vita
1252 2194 1464 2262 Henniniana

203 2314 368 2396 leguntur,
391 2315 536 2382 breviter
552 2313 770 2397 perstringam
779 2310 816 2397 8).
862 2311 957 2397 Quod
972 2312 1097 2381 veteris
1119 2313 1211 2380 vitae
1232 2310 1377 2378 auctoris
1400 2314 1465 2376 tes-

204 2430 373 2497 timonium
412 2430 585 2498 manifesta
620 2429 746 2513 antiqui
780 2429 880 2497 fontis
916 2428 1059 2514 vestigia
1092 2427 1352 2510 praeseferre,
1385 2425 1464 2492 mihi

207 2565 398 2628 persuasum
420 2547 532 2613 habeo.
572 2545 757 2614 Scholiasta
780 2546 876 2629 enim,
901 2563 972 2612 cum
988 2545 1013 2610 J
1015 2545 1165 2613 uvenalis
1180 2544 1284 2612 vitam
1301 2547 1464 2625 exararet,

206 2662 291 2728 hanc
312 2662 462 2728 notitiam
485 2663 538 2728 vel
573 2680 614 2727 ex
637 2661 818 2728 vetustiore
840 2661 911 2728 vita
944 2662 998 2729 vel
1031 2680 1072 2726 ex
1106 2659 1262 2727 eiusmodi
1295 2657 1386 2726 fonte
1409 2659 1466 2724 ubi

207 2777 294 2860 anni,
330 2797 391 2860 quo
414 2781 511 2859 poeta
539 2780 636 2842 natus
665 2783 725 2860 cst,
760 2776 935 2844 manifesta
963 2777 1138 2843 exstabant
1160 2774 1312 2860 vestigia,
1343 2774 1462 2841 hausit.

206 2891 319 2959 Aliter
344 2912 398 2959 res
426 2893 583 2975 explicari
605 2893 727 2974 nequit.
773 2893 827 2958 Ex
854 2892 985 2977 ingenio
1016 2910 1074 2958 suo
1103 2890 1312 2960 iudicandive
1335 2889 1465 2958 ratione

207 3009 262 3079 vel
283 3015 459 3092 propterea
480 3008 522 3074 ad
544 3009 629 3075 hanc
656 3027 725 3074 rem
754 3008 933 3075 scholiasta
954 3008 1008 3076 vel
1037 3008 1268 3092 grammaticus
1291 3007 1464 3090 pervenire

207 3143 272 3191 nou
293 3125 412 3208 potuit,
437 3125 521 3207 quod
534 3125 568 3190 in
585 3125 696 3192 satiris
712 3125 942 3193 Juvenalianis
965 3145 1004 3192 ne
1028 3125 1161 3191 minima
1176 3124 1303 3207 quidem
1321 3122 1464 3206 vestigia

207 3241 328 3308 natalis
361 3247 478 3324 poetae
512 3240 732 3309 inveniuntur.
789 3239 845 3306 Ad
878 3240 1149 3308 ratiocinationes
1183 3260 1262 3308 vero
1297 3245 1466 3322 artemque

207 3383 522 3394 -——-—=-———

314 3460 337 3527 ¹)
363 3460 425 3514 Vre.
444 3460 504 3512 205.

314 3550 339 3617 2)
367 3549 549 3606 Commentar.
567 3551 596 3602 in
613 3549 739 3602 Juvenal.
758 3549 901 3618 Augustae
920 3550 1064 3603 Taurinos.
1082 3549 1151 3602 1881
1169 3567 1196 3620 p.
1214 3548 1274 3602 196.

313 3637 338 3704 ³)
364 3637 916 3704 Α111111111111111111111(110111111
928 3638 1087 3710 completas,
1100 3639 1131 3691 Τ.
1141 3639 1174 3708 V,
1182 3639 1268 3710 Paris,
1277 3637 1360 3705 1869)
1369 3655 1396 3709 p.
1406 3637 1466 3692 511.

313 3727 339 3795 ⁴)
365 3729 548 3798 Domitianus,
567 3746 595 3798 p.
614 3727 648 3780 54
667 3733 758 3780 annot.

315 3818 338 3884 ⁵)
364 3818 459 3871 Doctr.
478 3834 590 3888 numm,
609 3817 680 3888 VIII,
697 3833 724 3888 p.
740 3817 800 3869 4⁵5.

313 3905 338 3973 8)
364 3908 463 3976 Paneg.
483 3924 504 3962 c.
522 3907 547 3960 9.

316 3995 340 4064 ⁷)
367 3997 424 4051 Lib.
443 3996 562 4065 LXVIII,
582 3996 629 4066 1⁰3
649 3996 681 4048 ci.
700 3995 814 4064 Eckhel,
832 3997 850 4048 l.
869 3997 888 4048 l.
907 3996 953 4066 VI,
970 4013 998 4066 p.
1016 3995 1077 4065 381,
1095 3995 1154 4048 398.

315 4084 339 4153 ⁸)
366 4086 409 4138 De
438 4086 572 4155 Stampini
600 4087 765 4155 coniectura,
791 4087 847 4156 qui,
871 4086 1049 4138 Weidnarum
1072 4089 1191 4156 secutus,
1214 4086 1376 4139 iuvenalem
1402 4101 1465 4140 nnn.

210 4178 244 4230 57
262 4194 289 4246 p.
309 4174 371 4228 Chr.
390 4179 485 4227 natum
504 4190 565 4228 esse
583 4175 671 4227 voluit
693 4177 733 4245 (p.
758 4174 815 4244 19),
832 4190 887 4227 non
912 4178 954 4228 est
972 4175 1046 4243 quod
1064 4178 1212 4246 separatim
1225 4175 1370 4245 disputem.
1405 4174 1468 4245 Ipse

210 4267 284 4319 enim
303 4267 491 4334 quaestionem
510 4264 542 4316 de
568 4280 640 4318 anno
662 4265 749 4317 natali
771 4269 869 4335 poetae
893 4280 955 4317 cum
980 4266 1064 4318 exilio
1087 4267 1146 4318 eius
1169 4264 1220 4318 snb
1243 4263 1381 4317 Hadriam
1405 4278 1467 4316 cou-

209 4357 303 4408 iunxit
321 4358 362 4426 (p.
381 4353 415 4407 19
434 4358 462 4407 et
484 4354 547 4424 57),
572 4354 765 4422 quodfalsum
791 4369 860 4424 esse,
882 4355 954 4406 iufra
977 4354 1178 4409 demonstrabo.
1214 4353 1359 4406 Praeterea
1377 4355 1469 4405 omnia

210 4445 276 4514 fere,
300 4459 368 4513 quae
390 4443 523 4497 hocloco
550 4447 646 4495 contra
663 4443 842 4496 Weidncrum
861 4444 1008 4515 disputavi,
1042 4444 1124 4496 etiam
1147 4443 1182 4496 ad
1204 4442 1339 4512 Stnmpini
1357 4443 1465 4496 coniec-

211 4538 302 4587 turam
319 4535 415 4587 referri
431 4547 514 4603 posse
533 4533 709 4586 manifestum
727 4538 776 4588 eet.
