3234 4994
756 393 795 450 35

139 598 249 664 verbis
273 597 422 665 Suetonii
446 594 567 681 utar·¹),
605 597 646 663 ad
678 617 774 664 aures
797 595 981 664 Domitiani
1013 600 1192 679 venerunt3
1228 596 1300 679 ipse
1324 598 1409 664 enim

138 716 235 782 Paris
275 715 423 797 „delator
462 719 536 781 erat
573 714 734 795 pessimus
773 719 808 780 et
845 735 904 796 per
942 713 1003 779 hoc
1040 713 1182 796 gratiam
1222 711 1411 780 obtinuerat

138 826 364 914 principis“²).
414 829 484 914 Quo
508 831 632 896 factum
656 835 716 912 est,
741 835 779 894 ut
805 828 1016 896 Domitianus
1040 828 1113 911 „sui
1147 829 1306 910 temporis
1328 829 1411 898 vitia

139 943 288 1029 carpi“³)
312 946 518 1029 intellegens,
544 965 637 1029 „cum
661 949 777 1028 tantae
793 945 1002 1012 auctoritatis
1019 945 1126 1010 virum
1142 945 1273 1026 publice
1295 945 1411 1027 punire

138 1081 203 1128 non
228 1056 433 1147 oude1·et“⁴),
463 1082 523 1143 per
545 1063 699 1128 honorem
727 1061 865 1128 militiae
895 1063 975 1127 urbe
1004 1067 1233 1130 summoveret.
1290 1061 1337 1130 At
1358 1061 1412 1126 hic

138 1177 278 1260 primum
303 1199 381 1244 sane
417 1177 501 1243 obici
524 1183 644 1261 potest,
680 1178 906 1244 Domitianum
942 1176 1037 1243 initio
1072 1177 1201 1260 imperii
1236 1197 1300 1243 non
1330 1178 1411 1244 adeo

139 1293 302 1360 crudelem
325 1294 437 1377 fuisse,
461 1293 511 1359 uti
535 1298 672 1376 propter
695 1295 852 1375 quosdam
870 1312 987 1361 versus
1010 1293 1044 1360 in
1067 1295 1301 1375 pantomimum
1327 1314 1411 1362 com-

138 1410 263 1490 positos
286 1409 351 1474 ianr
376 1414 443 1474 tum
469 1417 582 1476 notum
605 1411 803 1506 Juvenalem
835 1410 1011 1492 relegaret.
1059 1411 1142 1476 Tum
1171 1411 1273 1477 multo
1297 1409 1411 1491 utique

139 1525 274 1608 gravior
290 1545 329 1590 ea
346 1525 522 1592 difficultas
538 1526 730 1594 Domitiano
747 1526 897 1608 obicitur,
923 1524 1008 1608 quod
1029 1525 1128 1592 Paris
1144 1526 1258 1608 primis
1281 1525 1411 1608 imperii

70 1699 75 1714 ,
140 1641 209 1706 eius
233 1642 327 1708 annis
352 1642 518 1724 gratiosus
540 1642 613 1726 fuit,
650 1661 724 1708 mox
747 1642 903 1708 adulterii
938 1647 1109 1723 suspectus
1145 1641 1255 1726 gratia
1288 1642 1412 1710 excidit

139 1757 195 1840 ita,
232 1764 270 1821 ut
301 1757 484 1838 potentiam
517 1760 623 1824 lucret
647 1757 807 1840 supplicio
840 1777 925 1824 anno
950 1753 1038 1841 83⁵).
1085 1757 1139 1824 Ad
1164 1777 1247 1840 quae
1270 1758 1409 1840 primum

140 1873 399 1954 respondendum
417 1880 477 1957 est,
502 1873 729 1940 Domitianum
745 1874 809 1940 iam
827 1873 920 1940 initio
937 1872 1066 1956 imperii
1082 1873 1169 1940 haud
1192 1893 1268 1941 raro
1284 1874 1411 1942 uarium

141 2010 175 2056 se
202 2009 241 2056 ac
265 1989 480 2072 suspiciosum
504 1990 694 2072 praebuisse
703 1986 743 2073 ⁶);
769 1994 836 2054 tum
860 1988 932 2070 quis
952 1993 1062 2073 neget,
1086 1989 1220 2055 Paridis
1243 1995 1278 2056 et
1300 1989 1412 2057 Domi-

141 2106 207 2173 tiae
231 2107 285 2172 uel
309 2107 448 2172 maxime
471 2105 670 2187 interfuisse,
700 2106 751 2172 uti
780 2106 955 2174 Juvenalis
985 2124 1081 2187 quam
1113 2103 1283 2171 celerrime
1309 2106 1413 2171 Roma

141 2222 375 2303 expelleretur,
400 2222 618 2304 pantomimus
636 2221 730 2309 euim,
756 2221 811 2302 qui
829 2220 963 2302 tyranni
979 2221 1208 2287 familiaritate
1232 2220 1412 2288 insolenter

141 2339 350 2421 abutebatur,
390 2339 570 2421 metuebat,
609 2358 651 2403 ne
685 2337 710 2402 J
712 2338 862 2405 uvenalis
899 2338 1140 2405 invectionibus
1180 2337 1266 2404 omni
1303 2336 1413 2418 gratia

140 2457 277 2534 repente
300 2452 483 2534 excideret3
520 2472 601 2519 uxor
636 2471 714 2522 vcro
737 2454 921 2520 Domitiani
955 2454 1133 2521 identidem
1156 2455 1191 2520 in
1215 2459 1304 2520 metu
1327 2458 1411 2537 erat,

140 2589 180 2634 ne
204 2568 470 2635 accusationibus
494 2568 726 2636 Juvenaliauis
754 2569 911 2636 adulterii
941 2547 1088 2636 rumores
1119 2569 1232 2636 addito
1265 2575 1412 2651 tempore

141 2685 181 2750 ad
202 2683 356 2750 Caesaris
380 2703 476 2750 aures
499 2683 722 2765 pervenirent.
760 2685 878 2766 Itaque
901 2705 942 2751 ne
965 2686 1142 2753 intervallo
1168 2686 1298 2767 quidem
1321 2685 1411 2752 facto

141 2803 233 2866 ambo
258 2820 383 2866 summa
399 2820 459 2882 ope
476 2801 563 2882 apud
578 2799 803 2867 Domitianum
822 2800 1022 2884 nitebantur,
1047 2803 1096 2868 uti
1112 2803 1136 2867 J
1138 2802 1290 2870 uvenalis
1314 2822 1409 2883 quam

140 2917 309 2984 celerrime
341 2919 421 2982 urbe
454 2921 721 2983 summoveretur.
769 2915 819 2981 At
851 2917 1028 3000 faciamus,
1059 2917 1085 2982 J
1087 2919 1260 2984 uvenalom
1290 2919 1411 2985 Paride
1455 2903 1458 2906 ¹

139 3033 215 3099 vivo
239 3034 364 3098 Romae
387 3037 554 3098 versatum
580 3051 661 3098 esse.
708 3030 795 3115 Quid
819 3033 951 3097 tandem
974 3032 1121 3116 impedit,
1147 3034 1315 3113 quominus
1339 3053 1410 3100 eum

139 3153 215 3229 post
243 3148 376 3215 Paridis
406 3167 516 3214 necem
547 3148 725 3231 „extremis
749 3148 933 3214 Domitiani
956 3145 1189 3232 tenrporibus“,
1221 3153 1259 3214 ut
1282 3149 1316 3214 in
1339 3148 1412 3217 vita

139 3264 429 3345 Kuleukampiana
452 3267 572 3346 exstat,
597 3264 631 3328 in
655 3263 790 3328 exilium
806 3264 938 3329 missum
958 3265 1139 3330 credamus.
1186 3265 1411 3333 Verumenim-

139 3398 218 3445 varo
253 3380 303 3444 his
343 3379 524 3462 „saevitiae
557 3373 831 3462 temporibus“⁷),
870 3398 941 3444 cum
977 3379 1119 3461 suspiria
1149 3381 1306 3446 bonorum
1339 3380 1411 3446 sub-

140 3495 362 3562 scriberentur
374 3491 399 3576 8)
436 3514 570 3575 cumque
605 3495 698 3562 velut
731 3514 794 3560 uno
830 3496 897 3561 ictu
931 3496 1140 3562 Domitianus
1175 3495 1410 3578 rempublicam

140 3675 297 3682 m

247 3761 269 3827 ¹)
296 3761 375 3813 Dom.
395 3777 416 3812 c.
439 3762 478 3813 15.

246 3850 270 3916 2)
298 3849 362 3902 Vita
380 3850 519 3901 Vaticana.
540 3880 574 3888 -
593 3849 649 3901 Hoc
667 3849 799 3901 deletorio
822 3849 922 3918 officio,
946 3851 1052 3917 praeter
1071 3847 1211 3917 Paridem,
1235 3849 1318 3900 etiam
1340 3848 1411 3902 elius

138 3940 332 4008 pantomimus,
355 3940 467 3991 nomine
488 3939 615 4009 Latinus,
643 3937 821 4008 fungebatur,
846 3937 878 3989 de
903 3952 956 4006 quo
980 3937 1034 3989 vid.
1059 3937 1087 3988 in
1112 3936 1174 3990 libr.
1193 3952 1254 3991 meo
1278 3937 1311 3990 da
1327 3939 1412 3992 sotira

138 4028 236 4096 prima,
254 4043 279 4096 p.
299 4027 449 4080 113—115.

246 4114 270 4182 ³)
297 4117 361 4169 Vita
379 4117 533 4169 Bodleiano.

245 4205 269 4272 ¹¹)
297 4207 362 4258 Vite
373 4206 534 4258 Ruelliana.
565 4205 604 4257 Cf.
623 4207 671 4258 vit.
683 4205 815 4274 Lipsien:
837 4221 915 4272 „cum
934 4205 1027 4275 palem
1039 4207 1070 4257 in
1087 4206 1179 4258 virum
1191 4204 1262 4258 nihil
1274 4205 1409 4260 auderat‘·

246 4295 268 4359 ⁵)
296 4295 349 4348 Dio
368 4294 439 4348 Casu.
458 4294 564 4364 LXVH,
584 4293 609 4346 3.
646 4294 716 4347 Suet.
735 4294 815 4347 Dom.
835 4293 859 4346 3.
879 4324 914 4334 -
932 4294 1030 4364 Imhof,
1049 4311 1076 4363 p.
1095 4293 1209 4347 96-97.

244 4380 268 4449 ⁶)
295 4383 394 4453 Imhof,
412 4401 438 4453 p.
456 4383 500 4436 46.

246 4469 270 4537 1)
297 4471 585 4542 Juv.,Sat1V,151.

245 4557 269 4626 ⁸)
295 4561 366 4632 Tac,
384 4560 452 4631 Agr.
471 4577 492 4613 c.
511 4561 555 4614 45.
